% Encoding: UTF-8
@STRING{ENG_ANAL          = "Eng. Anal."}
@STRING{IEEE_J_AntProp    = "{IEEE} Trans. Ant. and Prop."}
@STRING{IEEE_J_EC         = "{IEEE} Trans. En. Conv."}
@STRING{IEEE_J_EDU        = "{IEEE} Trans. Educ."}
@STRING{IEEE_J_IA         = "{IEEE} Trans. Ind. Applicat."}
@STRING{IEEE_J_MAG        = "{IEEE} Trans. Magn."}
@STRING{IEEE_J_MTT        = "{IEEE} Trans. Microwave Theory Tech."}
@STRING{IEEE_J_PWRE       = "{IEEE} Trans. Power Electron."}
@STRING{IEEE_J_PWRS       = "{IEEE} Trans. Power Syst."}
@STRING{J_NUM_ENG         = "Int. J. Numer. Meth. Engng."}

@Article{Colbourn1979a,
  doi       = {10.1002/jgt.3190030210},
  author    = {Colbourn, Charles J and Read, Ronald C},
  title     = {{Orderly Algorithms for Generating Restricted Classes of Graphs}},
  journal   = {Journal of Graph Theory},
  month     = jun,
  year      = {1979},
  number    = {2},
  volume    = {3},
  pages     = {187--195},
  owner     = {Dan},
  timestamp = {2016.09.24},
}

@Article{Faulon1998a,
  doi       = {10.1021/ci9702914},
  author    = {Faulon, Jean-Loup},
  title     = {{Isomorphism, Automorphism Partitioning, and Canonical Labeling Can Be Solved in Polynomial-Time for Molecular Graphs}},
  journal   = {Journal of Chemical Information and Modeling},
  month     = mar,
  year      = {1998},
  number    = {3},
  volume    = {38},
  pages     = {432--444},
  owner     = {Dan},
  timestamp = {2016.09.24},
}

@Article{Faulon2003b,
  doi       = {10.1021/ci020346o},
  author    = {Faulon, Jean-Loup and Churchwell, Carla J and Visco Jr., Donald P},
  title     = {{The Signature Molecular Descriptor. 2. Enumerating Molecules from Their Extended Valence Sequences}},
  journal   = {Journal of Chemical Information and Modeling},
  month     = mar,
  year      = {2003},
  number    = {3},
  volume    = {43},
  pages     = {721--734},
  owner     = {Dan},
  timestamp = {2016.09.24},
}

@Article{Kicinger2005a,
  doi       = {10.1016/j.compstruc.2005.03.002},
  author    = {Kicinger, Rafal and Arciszewski, Tomasz and Jong, Kenneth De},
  title     = {{Evolutionary Computation and Structural Design: A Survey of the State-of-the-Art}},
  journal   = {Computers \& Structures},
  month     = sep,
  year      = {2005},
  number    = {23--24},
  volume    = {83},
  pages     = {1943--1978},
  owner     = {Dan},
  timestamp = {2016.09.24},
}

@Article{Koza1997a,
  doi       = {10.1109/4235.687879},
  author    = {Koza, John R and Bennett, Forrest H and Andre, David and Keane, Martin A and Dunlap, Frank},
  title     = {{Automated Synthesis of Analog Electrical Circuits by Means of Genetic Programming}},
  journal   = {IEEE Transactions on Evolutionary Computation},
  month     = jul,
  year      = {1997},
  number    = {2},
  volume    = {1},
  pages     = {109--128},
  owner     = {Dan},
  timestamp = {2016.09.24},
}

@Article{Nicolaou2009a,
  doi       = {10.1021/ci800308h},
  author    = {Nicolaou, Christos A and Apostolakis, Joannis and Pattichis, Costas S},
  title     = {{De Novo Drug Design Using Multiobjective Evolutionary Graphs}},
  journal   = {Journal of Chemical Information and Modeling},
  month     = feb,
  year      = {2009},
  number    = {2},
  volume    = {49},
  pages     = {295--307},
  owner     = {Dan},
  timestamp = {2016.09.24},
}

@Article{Schneider2005a,
  doi       = {10.1038/nrd1799},
  author    = {Schneider, Gisbert and Fechner, Uli},
  title     = {{Computer-based De Novo Design of Drug-like Molecules}},
  journal   = {Nature Reviews Drug Discovery},
  month     = aug,
  year      = {2005},
  number    = {8},
  volume    = {4},
  pages     = {649--663},
  owner     = {Dan},
  timestamp = {2016.09.24},
}

@Article{Walters1998a,
  doi       = {10.1016/S1359-6446(97)01163-X},
  author    = {Walters, W Patrick and Stahl, Matthew T and Murcko, Mark A},
  title     = {{Virtual Screening---An Overview}},
  journal   = {Drug Discovery Today},
  month     = apr,
  year      = {1998},
  number    = {4},
  volume    = {3},
  pages     = {160--178},
  owner     = {Dan},
  timestamp = {2016.09.24},
}

@Article{Weber2002a,
  doi       = {10.1016/S1359-6446(01)02090-6},
  author    = {Weber, Lutz},
  title     = {{Multi-component Reactions and Evolutionary Chemistry}},
  journal   = {Drug Discovery Today},
  month     = jan,
  year      = {2002},
  number    = {2},
  volume    = {7},
  pages     = {143--147},
  owner     = {Dan},
  timestamp = {2016.09.24},
}

@Conference{Zebulum1998a,
  author    = {Zebulum, Ricardo S and Aurelio, Marco and Vellasco, Pacheco Marley},
  title     = {{Comparison of Different Evolutionary Methodologies Applied to Electronic Filter Design}},
  booktitle = {IEEE International Conference on Evolutionary Computation Proceedings},
  month     = may,
  year      = {1998},
  location  = {Anchorage, AK, USA},
  doi       = {10.1109/ICEC.1998.699812},
  owner     = {Dan},
  timestamp = {2016.09.24},
}

@Online{Babai2016a,
  author    = {Babai, L\'{a}szl\'{o}},
  title     = {{Graph Isomorphism in Quasipolynomial Time}},
  year      = {2016},
  url       = {https://arxiv.org/abs/1512.03547},
  version   = {2},
  owner     = {Dan},
  timestamp = {2016.09.25},
}

@Article{Bayrak2016a,
  doi       = {10.1115/1.4033656},
  author    = {Bayrak, Alparslan Emrah and Ren, Yi and Papalambros, Panos Y},
  title     = {{Topology Generation for Hybrid Electric Vehicle Architecture Design}},
  journal   = {Journal of Mechanical Design},
  month     = jun,
  year      = {2016},
  number    = {8},
  volume    = {138},
  pages     = {081401},
  owner     = {Dan},
  publisher = {{ASME} International},
  timestamp = {2016.09.25},
}

@Conference{Bryant2005a,
  author    = {Bryant, Cari R and McAdams, Daniel A. and Stone, Robert B and Kurtoglu, Tolga and Campbell, Matthew I},
  title     = {{A Computational Technique for Concept Generation}},
  booktitle = {International Design Engineering Technical Conferences},
  month     = sep,
  year      = {2005},
  location  = {Long Beach, CA, USA},
  pages     = {267--276},
  volume    = {5a},
  doi       = {10.1115/DETC2005-85323},
  number    = {DETC2005-85323},
  owner     = {Dan},
  timestamp = {2016.09.25},
}

@Article{Cagan2005a,
  doi       = {10.1115/1.2013289},
  author    = {Cagan, Jonathan and Campbell, Matthew I and Finger, Susan and Tomiyama, Tetsuo},
  title     = {{A Framework for Computational Design Synthesis: Model and Applications}},
  journal   = {Journal of Computing and Information Science in Engineering},
  month     = sep,
  year      = {2005},
  number    = {3},
  volume    = {5},
  pages     = {171--181},
  owner     = {Dan},
  publisher = {{ASME} International},
  timestamp = {2016.09.25},
}

@Article{Carhart1975a,
  doi       = {10.1021/ja00853a021},
  author    = {Carhart, Raymond E and Smith, Dennis H and Brown, Harold and Djerassi, Carl},
  title     = {{Applications of Artificial Intelligence for Chemical Inference. XVII. Approach to Computer-Assisted Elucidation of Molecular Structure}},
  journal   = {Journal of the American Chemical Society},
  month     = oct,
  year      = {1975},
  number    = {20},
  volume    = {97},
  pages     = {5755--5762},
  owner     = {Dan},
  publisher = {American Chemical Society ({ACS})},
  timestamp = {2016.09.25},
}

@Article{Chakrabarti2011a,
  doi       = {10.1115/1.3593409},
  author    = {Chakrabarti, Amaresh and Shea, Kristina and Stone, Robert and Cagan, Jonathan and Campbell, Matthew and Hernandez, Noe Vargas and Wood, Kristin L},
  title     = {{Computer-Based Design Synthesis Research: An Overview}},
  journal   = {Journal of Computing and Information Science in Engineering},
  month     = jun,
  year      = {2011},
  number    = {2},
  volume    = {11},
  pages     = {021003},
  owner     = {Dan},
  publisher = {{ASME} International},
  timestamp = {2016.09.25},
}

@Article{Chan2011a,
  doi       = {10.1115/1.4004396},
  author    = {Chan, Joel and Fu, Katherine and Schunn, Christian and Cagan, Jonathan and Wood, Kristin and Kotovsky, Kenneth},
  title     = {{On the Benefits and Pitfalls of Analogies for Innovative Design: Ideation Performance Based on Analogical Distance, Commonness, and Modality of Examples}},
  journal   = {Journal of Mechanical Design},
  month     = aug,
  year      = {2011},
  number    = {8},
  volume    = {133},
  pages     = {081004},
  owner     = {Dan},
  publisher = {{ASME} International},
  timestamp = {2016.09.25},
}

@Conference{Cordella2001a,
  author    = {Cordella, L. P. and Foggia, P. and Sansone, C. and Vento, M.},
  title     = {{An Improved Algorithm for Matching Large Graphs}},
  booktitle = {IAPR TC-15 Workshop on Graph-based Representations in Pattern Recognition},
  month     = may,
  year      = {2001},
  location  = {Ischia, Italy},
  pages     = {149--159},
  owner     = {Dan},
  timestamp = {2016.09.25},
}

@Article{Flajolet1992a,
  doi       = {10.1016/0166-218X(92)90177-C},
  author    = {Flajolet, Philippe and Gardy, Dani\`{e}le and Thimonier, Lo\"{y}s},
  title     = {{Birthday Paradox, Coupon Collectors, Caching Algorithms and Self-organizing Search}},
  journal   = {Discrete Applied Mathematics},
  month     = nov,
  year      = {1992},
  number    = {3},
  volume    = {39},
  pages     = {207--229},
  owner     = {Dan},
  publisher = {Elsevier {BV}},
  timestamp = {2016.09.25},
}

@MastersThesis{Guo2014a,
  author      = {Guo, Tinghao},
  title       = {{Design of Genetic Regulatory Networks}},
  institution = {University of Illinois at Urbana-Champaign},
  year        = {2014},
  url         = {http://hdl.handle.net/2142/49667},
  address     = {Urbana, IL, USA},
  owner       = {Dan},
  timestamp   = {2016.09.25},
}

@Conference{Hooshmand2012a,
  author    = {Hooshmand, Amir and Campbell, Matthew I and Shea, Kristina},
  title     = {{Steps in Transforming Shapes Generated With Generative Design Into Simulation Models}},
  booktitle = {International Design Engineering Technical Conferences},
  month     = aug,
  year      = {2012},
  location  = {Chicago, IL, USA},
  pages     = {883--892},
  volume    = {3},
  doi       = {10.1115/DETC2012-71056},
  number    = {DETC2012-71056},
  owner     = {Dan},
  timestamp = {2016.09.25},
}

@Article{Hornby2003a,
  doi       = {10.1109/TRA.2003.814502},
  author    = {Hornby, Gregory S and Lipson, Hod and Pollack, Jordan B},
  title     = {{Generative Representations for the Automated Design of Modular Physical Robots}},
  journal   = {IEEE Transactions on Robotics and Automation},
  month     = aug,
  year      = {2003},
  number    = {4},
  volume    = {19},
  pages     = {703--719},
  owner     = {Dan},
  publisher = {Institute of Electrical and Electronics Engineers ({IEEE})},
  timestamp = {2016.09.25},
}

@Article{Khetan2015a,
  doi       = {10.1007/s00158-015-1262-8},
  author    = {Khetan, Ashish and Lohan, Danny J and Allison, James T},
  title     = {{Managing Variable-dimension Structural Optimization Problems Using Generative Algorithms}},
  journal   = {Structural and Multidisciplinary Optimization},
  month     = jun,
  year      = {2015},
  number    = {4},
  volume    = {52},
  pages     = {695--715},
  owner     = {Dan},
  publisher = {Springer Science $\mathplus$ Business Media},
  timestamp = {2016.09.25},
}

@Article{Konigseder2016a,
  doi       = {10.1115/1.4031714},
  author    = {K\"{o}nigseder, Corinna and Shea, Kristina},
  title     = {{Comparing Strategies for Topologic and Parametric Rule Application in Automated Computational Design Synthesis}},
  journal   = {Journal of Mechanical Design},
  month     = jan,
  year      = {2016},
  number    = {1},
  volume    = {138},
  pages     = {011102},
  owner     = {Dan},
  publisher = {{ASME} International},
  timestamp = {2016.09.25},
}

@Article{Linsey2010a,
  doi       = {10.1115/1.4001110},
  author    = {Linsey, J. S. and Tseng, I. and Fu, K. and Cagan, J. and Wood, K. L. and Schunn, C.},
  title     = {{A Study of Design Fixation, Its Mitigation and Perception in Engineering Design Faculty}},
  journal   = {Journal of Mechanical Design},
  month     = apr,
  year      = {2010},
  number    = {4},
  volume    = {132},
  pages     = {041003},
  owner     = {Dan},
  publisher = {{ASME} International},
  timestamp = {2016.09.25},
}

@Article{Ma2009a,
  doi       = {10.1016/j.cell.2009.06.013},
  author    = {Ma, Wenzhe and Trusina, Ala and El-Samad, Hana and Lim, Wendell A and Tang, Chao},
  title     = {{Defining Network Topologies That Can Achieve Biochemical Adaptation}},
  journal   = {Cell},
  month     = aug,
  year      = {2009},
  number    = {4},
  volume    = {138},
  pages     = {760--773},
  owner     = {Dan},
  publisher = {Elsevier {BV}},
  timestamp = {2016.09.25},
}

@Article{McKay2014a,
  doi       = {10.1016/j.jsc.2013.09.003},
  author    = {McKay, Brendan D. and Piperno, Adolfo},
  title     = {{Practical Graph Isomorphism, II}},
  journal   = {Journal of Symbolic Computation},
  month     = jan,
  year      = {2014},
  volume    = {60},
  pages     = {94--112},
  owner     = {Dan},
  publisher = {Elsevier {BV}},
  timestamp = {2016.09.25},
}

@Article{Munzer2013a,
  doi       = {10.1115/1.4024850},
  author    = {M\"{u}nzer, Clemens and Helms, Bergen and Shea, Kristina},
  title     = {{Automatically Transforming Object-Oriented Graph-Based Representations Into Boolean Satisfiability Problems for Computational Design Synthesis}},
  journal   = {Journal of Mechanical Design},
  month     = jul,
  year      = {2013},
  number    = {10},
  volume    = {135},
  pages     = {101001},
  owner     = {Dan},
  publisher = {{ASME} International},
  timestamp = {2016.09.25},
}

@Article{Read1978a,
  doi       = {10.1016/S0167-5060(08)70325-X},
  author    = {Read, Ronald C},
  title     = {{Every One a Winner or How to Avoid Isomorphism Search When Cataloguing Combinatorial Configurations}},
  journal   = {Annals of Discrete Mathematics},
  year      = {1978},
  volume    = {2},
  pages     = {107--120},
  booktitle = {Algorithmic Aspects of Combinatorics},
  owner     = {Dan},
  publisher = {Elsevier {BV}},
  timestamp = {2016.09.25},
}

@Article{Ruddigkeit2012a,
  doi       = {10.1021/ci300415d},
  author    = {Ruddigkeit,Lars and Deursen, Ruud van and Blum, Lorenz C and Reymond, Jean-Louis},
  title     = {{Enumeration of 166~Billion Organic Small Molecules in the Chemical Universe Database GDB-17}},
  journal   = {Journal of Chemical Information and Modeling},
  month     = nov,
  year      = {2012},
  number    = {11},
  volume    = {52},
  pages     = {2864--2875},
  owner     = {Dan},
  publisher = {American Chemical Society ({ACS})},
  timestamp = {2016.09.25},
}

@Conference{Starling2005a,
  author    = {Starling, Alex C and Shea, Kristina},
  title     = {{A Parallel Grammar for Simulation-Driven Mechanical Design Synthesis}},
  booktitle = {International Design Engineering Technical Conferences},
  month     = sep,
  year      = {2005},
  location  = {Long Beach, CA, USA},
  pages     = {427--436},
  volume    = {2},
  doi       = {10.1115/DETC2005-85414},
  number    = {DETC2005-85414},
  owner     = {Dan},
  timestamp = {2016.09.25},
}

@Article{Wu2008a,
  doi       = {10.1115/1.2885180},
  author    = {Wu, Zhaohong and Campbell, Matthew I and Fern\'{a}ndez, Benito R},
  title     = {{Bond Graph Based Automated Modeling for Computer-Aided Design of Dynamic Systems}},
  journal   = {Journal of Mechanical Design},
  month     = apr,
  year      = {2008},
  number    = {4},
  volume    = {130},
  pages     = {041102},
  owner     = {Dan},
  publisher = {{ASME} International},
  timestamp = {2016.09.25},
}

@Article{Wyatt2012a,
  doi       = {10.1007/s00163-011-0112-y},
  author    = {Wyatt, David F and Wynn, David C and Jarrett, Jerome P and Clarkson, P John},
  title     = {{Supporting Product Architecture Design Using Computational Design Synthesis with Network Structure Constraints}},
  journal   = {Research in Engineering Design},
  month     = apr,
  year      = {2012},
  number    = {1},
  volume    = {23},
  pages     = {17--52},
  owner     = {Dan},
  publisher = {Springer Science $\mathplus$ Business Media},
  timestamp = {2016.09.25},
}

@Article{Wyatt2014a,
  doi       = {10.1115/1.4025961},
  author    = {Wyatt, David F and Wynn, David C and Clarkson, P John},
  title     = {{A Scheme for Numerical Representation of Graph Structures in Engineering Design}},
  journal   = {Journal of Mechanical Design},
  month     = jan,
  year      = {2014},
  number    = {1},
  volume    = {136},
  pages     = {011010},
  owner     = {Dan},
  timestamp = {2016.09.25},
}

@Conference{Mittal1989a,
  author    = {Mittal, S. and Frayman, F.},
  title     = {{Towards a Generic Model of Configuration Tasks}},
  booktitle = {International Joint Conference on Artificial Intelligence},
  month     = aug,
  year      = {1989},
  location  = {Detroit, MI, USA},
  pages     = {1395--1401},
  owner     = {Daniel},
  timestamp = {2016.10.14},
}

@Book{Godsil2001a,
  author    = {Godsil, Chris and Royle, Gordon},
  title     = {{Algebraic Graph Theory}},
  year      = {2001},
  publisher = {Springer},
  edition   = {1},
  isbn      = {978-1461301639},
  doi       = {10.1007/978-1-4613-0163-9},
  owner     = {Daniel},
  timestamp = {2016.10.14},
}

@Book{Diestel2000a,
  author    = {Diestel, R.},
  title     = {{Graph Theory}},
  year      = {2000},
  publisher = {Springer},
  edition   = {2},
  isbn      = {978-0387950141},
  owner     = {Daniel},
  timestamp = {2016.10.14},
}

@Book{Rispoli2007a,
  author    = {Rispoli, F J},
  title     = {{Applications of Discrete Mathematics; ch. Applications of Subgraph Enumeration}},
  year      = {2007},
  publisher = {McGraw-Hill},
  edition   = {updated edition},
  owner     = {Daniel},
  timestamp = {2016.10.14},
}

@Conference{Snavely1993a,
  author    = {Snavely, G L and Papalambros, P Y},
  title     = {{Abstraction as a Configuration Design Methodology}},
  booktitle = {Advances in Design Automation},
  month     = sep,
  year      = {1993},
  location  = {Albuquerque, NM, USA},
  pages     = {297--305},
  volume    = {65},
  owner     = {Daniel},
  timestamp = {2016.10.14},
}

@Book{Lawler1976a,
  author    = {Lawler, E L},
  title     = {{Combinatorial Optimization: Networks and Matroids}},
  year      = {1976},
  publisher = {Holt, Rinehart and Winston},
  edition   = {1},
  isbn      = {978-0486414539},
  owner     = {Daniel},
  timestamp = {2016.10.14},
}

@Online{OEISA001147,
  author       = {Sloane, N J A},
  title        = {{Sequence A001147}},
  date         = {2017-11-03},
  url          = {https://oeis.org/A001147},
  organization = {The On-Line Encyclopedia of Integer Sequences},
  owner        = {Daniel},
  timestamp    = {2016.10.14},
}

@Report{Crawley2004a,
  author      = {Crawley, E. and Weck, O. de and Eppinger, S. and Magee, C. and Moses, J. and Seering, W. and Schindall, J. and Wallace, D. and Whitney, D.},
  title       = {{The Influence of Architecture in Engineering Systems}},
  type        = {Engineering Systems Monograph},
  institution = {Massachusetts Institute of Technology},
  year        = {2004},
  month       = mar,
  owner       = {Daniel},
  timestamp   = {2016.10.14},
}

@Article{Schmidt1997a,
  doi       = {10.1007/BF01589682},
  author    = {Schmidt, Linda C and Cagan, Jonathan},
  title     = {{GGREADA: A Graph Grammar-based Machine Design Algorithm}},
  journal   = {Research in Engineering Design},
  month     = dec,
  year      = {1997},
  number    = {4},
  volume    = {9},
  pages     = {195--213},
  owner     = {Daniel},
  timestamp = {2016.10.14},
}

@Article{Schmidt2000a,
  doi       = {10.1115/1.1315299},
  author    = {Schmidt, Linda C and Shetty, Harshawardhan and Chase, Scott C},
  title     = {{A Graph Grammar Approach for Structure Synthesis of Mechanisms}},
  journal   = {Journal of Mechanical Design},
  month     = dec,
  year      = {2000},
  number    = {4},
  volume    = {122},
  pages     = {371--376},
  owner     = {Daniel},
  publisher = {{ASME} International},
  timestamp = {2016.10.14},
}

@Article{Lohn1999a,
  doi       = {10.1109/4235.788491},
  author    = {Lohn, J D and Colombano, S P},
  title     = {{A Circuit Representation Technique for Automated Circuit Design}},
  journal   = {{IEEE} Transactions on Evolutionary Computation},
  month     = sep,
  year      = {1999},
  number    = {3},
  volume    = {3},
  pages     = {205--219},
  owner     = {Daniel},
  publisher = {Institute of Electrical and Electronics Engineers ({IEEE})},
  timestamp = {2016.10.14},
}

@Conference{Herber2016b,
  author    = {Herber, Daniel R and Guo, Tinghao and Allison, James T},
  title     = {{Enumeration of Architectures with Perfect Matchings}},
  booktitle = {International Design Engineering Technical Conferences},
  month     = aug,
  year      = {2016},
  location  = {Charlotte, NC, USA},
  pages     = {V02AT03A005},
  doi       = {10.1115/DETC2016-60212},
  number    = {DETC2016-60212},
  owner     = {Dan},
  timestamp = {2016.10.16},
}

@Article{Foster1932a,
  doi       = {10.1109/EE.1932.6429606},
  author    = {Foster, R M},
  title     = {{Geometrical Circuits of Electrical Networks}},
  journal   = {Electrical Engineering},
  month     = jan,
  year      = {1932},
  number    = {1},
  volume    = {51},
  pages     = {309--317},
  owner     = {Dan},
  publisher = {Institute of Electrical and Electronics Engineers ({IEEE})},
  timestamp = {2016.10.16},
}

@Phdthesis{Bayrak2015a,
  author      = {Bayrak, Alparslan},
  title       = {{Topology Considerations in Hybrid Electric Vehicle Powertrain Architecture Design}},
  institution = {The University of Michigan},
  month       = may,
  year        = {2015},
  url         = {http://hdl.handle.net/2027.42/111412},
  location    = {Ann Arbor, MI, USA},
  owner       = {Dan},
  timestamp   = {2016.10.17},
}

@Article{Castillo2002a,
  doi     = {10.1115/1.1514663},
  author  = {Jose M. del Castillo},
  title   = {{Enumeration of 1-DOF Planetary Gear Train Graphs Based on Functional Constraints}},
  journal = {Journal of Mechanical Design},
  month   = dec,
  year    = {2002},
  number  = {4},
  volume  = {124},
  pages   = {723--732},
}

@Article{Pennestri2015a,
  doi     = {10.1115/1.4031590},
  author  = {Ettore Pennestri and Pier Paolo Valentini},
  title   = {{Kinematics and Enumeration of Combined Harmonic Drive Gearing}},
  journal = {Journal of Mechanical Design},
  month   = dec,
  year    = {2015},
  number  = {12},
  volume  = {137},
  pages   = {122303},
}

@Article{Herber2017a,
  doi     = {10.1115/1.4036132},
  author  = {D. R. Herber and T. Guo and J. T. Allison},
  title   = {{Enumeration of Architectures with Perfect Matchings}},
  journal = {Journal of Mechanical Design},
  month   = may,
  year    = {2017},
  number  = {5},
  volume  = {139},
  pages   = {051403},
}

@Report{Herber2017d,
  author      = {Daniel R Herber and James T Allison},
  title       = {{Enhancements to the Perfect Matching-based Tree Algorithm for Generating Architectures}},
  type        = {techreport},
  institution = {Engineering System Design Lab},
  year        = {2017},
  number      = {UIUC-ESDL-2017-02},
  month       = {12},
  url         = {http://systemdesign.illinois.edu/publications/Her17d.pdf},
}

@Article{Park1994a,
  doi       = {10.1115/1.2899229},
  author    = {Park, Jahng-Hyon and Asada, Haruhiko},
  title     = {{Concurrent Design Optimization of Mechanical Structure and Control for High Speed Robots}},
  journal   = {Journal of Dynamic Systems, Measurement, and Control},
  month     = sep,
  year      = {1994},
  number    = {3},
  volume    = {116},
  pages     = {344--356},
  owner     = {Dan},
  publisher = {{ASME} International},
  timestamp = {2016.09.24},
}

@Article{Sunar1993a,
  doi       = {10.1016/0045-7949(93)90513-D},
  author    = {Sunar, M. and Rao, S. S.},
  title     = {{Simultaneous Passive and Active Control Design of Structures Using Multiobjective Optimization Strategies}},
  journal   = {Computers {\&} Structures},
  month     = sep,
  year      = {1993},
  number    = {5},
  volume    = {48},
  pages     = {913--924},
  owner     = {Dan},
  publisher = {Elsevier {BV}},
  timestamp = {2016.09.26},
}

@Article{Reyer2002a,
  doi       = {10.1115/1.1460904},
  author    = {Reyer, Julie A and Papalambros, Panos Y},
  title     = {{Combined Optimal Design and Control With Application to an Electric DC Motor}},
  journal   = {Journal of Mechanical Design},
  month     = jun,
  year      = {2002},
  number    = {2},
  volume    = {124},
  pages     = {183},
  owner     = {Dan},
  publisher = {{ASME} International},
  timestamp = {2016.09.26},
}

@Article{Ravichandran2006a,
  doi       = {10.1016/j.mechatronics.2005.09.008},
  author    = {Ravichandran, Thambirajah and Wang, David and Heppler, Glenn},
  title     = {{Simultaneous Plant-controller Design Optimization of a Two-link Planar Manipulator}},
  journal   = {Mechatronics},
  month     = apr,
  year      = {2006},
  number    = {3--4},
  volume    = {16},
  pages     = {233--242},
  owner     = {Dan},
  publisher = {Elsevier {BV}},
  timestamp = {2016.09.26},
}

@Article{Rao1988a,
  doi       = {10.1080/03052158808940943},
  author    = {Rao, S S},
  title     = {{Combined Structural and Control Optimization of Flexible Structures}},
  journal   = {Engineering Optimization},
  month     = jan,
  year      = {1988},
  number    = {1},
  volume    = {13},
  pages     = {1--16},
  owner     = {Dan},
  publisher = {Informa {UK} Limited},
  timestamp = {2016.09.26},
}

@Article{Peters2011a,
  doi       = {10.1115/1.4004792},
  author    = {Peters, Diane L and Papalambros, P Y and Ulsoy, A G},
  title     = {{Control Proxy Functions for Sequential Design and Control Optimization}},
  journal   = {Journal of Mechanical Design},
  month     = sep,
  year      = {2011},
  number    = {9},
  volume    = {133},
  pages     = {091007},
  owner     = {Dan},
  publisher = {{ASME} International},
  timestamp = {2016.09.26},
}

@Article{Alyaqout2011a,
  doi       = {10.1109/TMECH.2010.2047652},
  author    = {Alyaqout, Sulaiman F and Papalambros, Panos Y and Ulsoy, A Galip},
  title     = {{Combined Robust Design and Robust Control of an Electric DC Motor}},
  journal   = {{IEEE}/{ASME} Transactions on Mechatronics},
  month     = jun,
  year      = {2011},
  number    = {3},
  volume    = {16},
  pages     = {574--582},
  owner     = {Dan},
  publisher = {Institute of Electrical and Electronics Engineers ({IEEE})},
  timestamp = {2016.09.26},
}

@Article{Barthelemy1993a,
  doi       = {10.1007/BF01743349},
  author    = {Barthelemy, J-F M and Haftka, R T},
  title     = {{Approximation Concepts for Optimum Structural Design {\textemdash} A Review}},
  journal   = {Structural Optimization},
  month     = sep,
  year      = {1993},
  number    = {3},
  volume    = {5},
  pages     = {129--144},
  owner     = {Dan},
  publisher = {Springer Nature},
  timestamp = {2016.09.26},
}

@Article{Haftka1985a,
  doi       = {10.2514/3.9043},
  author    = {Haftka, R T},
  title     = {{Simultaneous Analysis and Design}},
  journal   = {{AIAA} Journal},
  month     = jul,
  year      = {1985},
  number    = {7},
  volume    = {23},
  pages     = {1099--1103},
  owner     = {Dan},
  publisher = {American Institute of Aeronautics and Astronautics ({AIAA})},
  timestamp = {2016.09.26},
}

@Article{Kang2006a,
  doi       = {10.1007/s00158-005-0575-4},
  author    = {Kang, Byung-Soo and Park, Gyung-Jin and Arora, Jasbir S.},
  title     = {{A Review of Optimization of Structures Subjected to Transient Loads}},
  journal   = {Structural and Multidisciplinary Optimization},
  month     = jan,
  year      = {2006},
  number    = {2},
  volume    = {31},
  pages     = {81--95},
  owner     = {Dan},
  publisher = {Springer Science $\mathplus$ Business Media},
  timestamp = {2016.09.26},
}

@Article{Kim1998a,
  doi       = {10.1002/(SICI)1097-0207(19981015)43:3<549::AID-NME446>3.0.CO;2-V},
  author    = {Kim, Min-Soo and Choi, Dong-Hoon},
  title     = {{Min-max Dynamic Response Optimization of Mechanical Systems Using Approximate Augmented Lagrangian}},
  journal   = {International Journal for Numerical Methods in Engineering},
  month     = oct,
  year      = {1998},
  number    = {3},
  volume    = {43},
  pages     = {549--564},
  owner     = {Dan},
  publisher = {Wiley-Blackwell},
  timestamp = {2016.09.26},
}

@Article{Li2001a,
  doi       = {10.1109/3516.928731},
  author    = {Li, Q and Zhang, W J and Chen, L},
  title     = {{Design for Control---A Concurrent Engineering Approach for Mechatronic Systems Design}},
  journal   = {{IEEE}/{ASME} Transactions on Mechatronics},
  month     = jun,
  year      = {2001},
  number    = {2},
  volume    = {6},
  pages     = {161--169},
  owner     = {Dan},
  publisher = {Institute of Electrical and Electronics Engineers ({IEEE})},
  timestamp = {2016.09.26},
}

@Article{Patil2012a,
  doi       = {10.1115/1.4006828},
  author    = {Patil, Rakesh and Filipi, Zoran and Fathy, Hosam},
  title     = {{Computationally Efficient Combined Plant Design and Controller Optimization Using a Coupling Measure}},
  journal   = {Journal of Mechanical Design},
  month     = jul,
  year      = {2012},
  number    = {7},
  volume    = {134},
  pages     = {071008},
  owner     = {Dan},
  publisher = {{ASME} International},
  timestamp = {2016.09.26},
}

@Article{Frischknecht2011a,
  doi       = {10.1007/s00158-010-0599-2},
  author    = {Frischknecht, Bart D and Peters, Diane L and Papalambros, Panos Y},
  title     = {{Pareto Set Analysis: Local Measures of Objective Coupling in Multiobjective Design Optimization}},
  journal   = {Structural and Multidisciplinary Optimization},
  month     = nov,
  year      = {2011},
  number    = {5},
  volume    = {43},
  pages     = {617--630},
  owner     = {Dan},
  publisher = {Springer Science $\mathplus$ Business Media},
  timestamp = {2016.09.26},
}

@Article{Fonseca2004a,
  doi       = {10.1177/1077546304042043},
  author    = {Fonseca, I M and Bainum, P M},
  title     = {{Integrated Structural and Control Optimization}},
  journal   = {Journal of Vibration and Control},
  month     = oct,
  year      = {2004},
  number    = {10},
  volume    = {10},
  pages     = {1377--1391},
  owner     = {Dan},
  publisher = {{SAGE} Publications},
  timestamp = {2016.09.26},
}

@Article{Allison2013a,
  doi       = {10.1080/0305215X.2013.764999},
  author    = {Allison, James T},
  title     = {{Engineering System Co-design with Limited Plant Redesign}},
  journal   = {Engineering Optimization},
  month     = apr,
  year      = {2013},
  number    = {2},
  volume    = {46},
  pages     = {200--217},
  owner     = {Dan},
  timestamp = {2016.09.26},
}

@Article{Allison2013d,
  doi       = {10.1115/1.4024978},
  author    = {Allison, James T},
  title     = {{Plant-Limited Co-Design of an Energy-Efficient Counterbalanced Robotic Manipulator}},
  journal   = {Journal of Mechanical Design},
  month     = aug,
  year      = {2013},
  number    = {10},
  volume    = {135},
  pages     = {101003},
  owner     = {Dan},
  publisher = {{ASME} International},
  timestamp = {2016.09.26},
}

@Article{Allison2014a,
  doi       = {10.2514/1.J052182},
  author    = {Allison, James T and Herber, Daniel R},
  title     = {{Multidisciplinary Design Optimization of Dynamic Engineering Systems}},
  journal   = {{AIAA} Journal},
  month     = {4},
  year      = {2014},
  number    = {4},
  volume    = {52},
  pages     = {691--710},
  owner     = {Dan},
  publisher = {American Institute of Aeronautics and Astronautics ({AIAA})},
  timestamp = {2016.09.26},
}

@Article{Allison2014b,
  doi       = {10.1115/1.4027335},
  author    = {Allison, James T and Guo, Tinghao and Han, Zhi},
  title     = {{Co-Design of an Active Suspension Using Simultaneous Dynamic Optimization}},
  journal   = {Journal of Mechanical Design},
  month     = jun,
  year      = {2014},
  number    = {8},
  volume    = {136},
  pages     = {081003},
  owner     = {Dan},
  publisher = {{ASME} International},
  timestamp = {2016.09.26},
}

@Article{Cramer1994a,
  doi       = {10.1137/0804044},
  author    = {Cramer, Evin J and Dennis Jr, J E and Frank, Paul D and Lewis, Robert Michael and Shubin, Gregory R},
  title     = {{Problem Formulation for Multidisciplinary Optimization}},
  journal   = {SIAM Journal on Optimization},
  month     = nov,
  year      = {1994},
  number    = {4},
  volume    = {4},
  pages     = {754--776},
  owner     = {Dan},
  publisher = {Society for Industrial {\&} Applied Mathematics ({SIAM})},
  timestamp = {2016.09.26},
}

@Article{Dolezal1981a,
  author    = {Dole\v{z}al, Jaroslav},
  title     = {{On the Solution of Optimal Control Problems Involving Parameters and General Boundary Conditions}},
  journal   = {Kybernetika},
  year      = {1981},
  number    = {1},
  volume    = {17},
  pages     = {71--81},
  owner     = {Dan},
  timestamp = {2016.09.26},
}

@Article{Kasturi1998a,
  doi       = {10.1006/jsvi.1998.1661},
  author    = {Kasturi, P. and Dupont, P.},
  title     = {{Constrained Optimal Control of Vibration Dampers}},
  journal   = {Journal of Sound and Vibration},
  month     = {8},
  year      = {1998},
  number    = {3},
  volume    = {215},
  pages     = {499--509},
  owner     = {Dan},
  publisher = {Elsevier {BV}},
  timestamp = {2016.10.16},
}

@Article{Gobbi2001a,
  doi       = {10.1006/jsvi.2001.3591},
  author    = {Gobbi, M. and Mastinu, G.},
  title     = {{Analytical Description and Optimization of the Dynamic Behaviour of Passively Suspended Road Vehicles}},
  journal   = {Journal of Sound and Vibration},
  month     = aug,
  year      = {2001},
  number    = {3},
  volume    = {245},
  pages     = {457--481},
  owner     = {Dan},
  publisher = {Elsevier {BV}},
  timestamp = {2016.10.16},
}

@Article{He2005a,
  doi       = {10.1016/j.jsv.2004.04.027},
  author    = {He, Yuping and McPhee, John},
  title     = {{Multidisciplinary Design Optimization of Mechatronic Vehicles with Active Suspensions}},
  journal   = {Journal of Sound and Vibration},
  month     = may,
  year      = {2005},
  number    = {1-2},
  volume    = {283},
  pages     = {217--241},
  owner     = {Dan},
  publisher = {Elsevier {BV}},
  timestamp = {2016.10.16},
}

@Article{Trivedi2008a,
  doi       = {10.1115/1.2943300},
  author    = {Trivedi, Deepak and Dienno, Dustin and Rahn, Christopher D.},
  title     = {{Optimal, Model-Based Design of Soft Robotic Manipulators}},
  journal   = {Journal of Mechanical Design},
  month     = aug,
  year      = {2008},
  number    = {9},
  volume    = {130},
  pages     = {091402},
  owner     = {Dan},
  publisher = {{ASME} International},
  timestamp = {2016.10.17},
}

@Article{Deshmukh2016a,
  doi     = {10.1007/s00158-015-1308-y},
  author  = {Deshmukh, A. P. and Allison, J. T.},
  title   = {{Multidisciplinary Dynamic Optimization of Horizontal Axis Wind Turbine Design}},
  journal = {Structural and Multidisciplinary Optimization},
  month   = jan,
  year    = {2016},
  number  = {1},
  volume  = {53},
  pages   = {15--27},
}

@Article{Yan2009a,
  doi     = {10.1016/j.mechatronics.2008.07.008},
  author  = {Yan, H.-S. and Yan, G.-J.},
  title   = {{Integrated Control and Mechanism Design for the Variable Input-Speed Servo Four-bar Linkages}},
  journal = {Mechatronics},
  month   = mar,
  year    = {2009},
  number  = {2},
  volume  = {19},
  pages   = {274--285},
}

@Article{Hale1985a,
  doi     = {10.2514/3.19939},
  author  = {Hale, A. L. and Lisowski, R. J. and Dahl, W. E.},
  title   = {{Optimal Simultaneous Structural and Control Design of Maneuvering Flexible Spacecraft}},
  journal = {AIAA Journal of Guidance, Control, and Dynamics},
  month   = jan,
  year    = {1985},
  number  = {1},
  volume  = {8},
  pages   = {86--93},
}

@Article{Eastep1987a,
  doi     = {10.1016/0094-5765(87)90174-3},
  author  = {Eastep, F. and Khot, N. and Grandhi, R.},
  title   = {{Improving the Active Vibrational Control of Large Space Structures through Structural Modifications}},
  journal = {Acta Astronautica},
  year    = {1987},
  number  = {6-7},
  volume  = {15},
  pages   = {383--389},
}

@Article{Maraniello2016a,
  doi     = {10.1016/j.jsv.2016.05.018},
  author  = {Maraniello, S. and Palacios, R.},
  title   = {{Optimal Vibration Control and Co-Design of Very Flexible Actuated Structures}},
  journal = {Journal of Sound and Vibration},
  month   = {9},
  year    = {2016},
  volume  = {377},
  pages   = {1--21},
}

@Article{Chilan2017a,
  doi     = {10.2514/1.J055748},
  author  = {Chilan, C. M. and Herber, D. R. and Nakka, Y. K. and Chung, S.-J. and Allison, J. T. and Aldrich, J. B. and Alvarez-Salazar, O. S.},
  title   = {{Co-Design of Strain-Actuated Solar Arrays for Spacecraft Precision Pointing and Jitter Reduction}},
  journal = {AIAA Journal},
  month   = {9},
  year    = {2017},
  number  = {9},
  volume  = {55},
  pages   = {3180--3195},
}

@Article{Onoda1987a,
  doi     = {10.2514/3.9754},
  author  = {Onoda, J. and Haftka, R. T.},
  title   = {{An Approach to Structure/Control Simultaneous Optimization for Large Flexible Spacecraft}},
  journal = {AIAA Journal},
  month   = {8},
  year    = {1987},
  number  = {8},
  volume  = {25},
  pages   = {1133--1138},
}

@Book{Papalambros2000a,
  author    = {Papalambros, P Y and Wilde, D J},
  title     = {{Principles of Optimal Design}},
  year      = {2000},
  publisher = {Cambridge University Press},
  edition   = {2},
  isbn      = {978-0521627276},
  owner     = {Dan},
  timestamp = {2016.09.26},
}

@Book{Forrester2008a,
  author    = {Forrester, Alexander I J and S\'{o}bester, Andr\'{a}s and Keane, Andy J},
  title     = {{Engineering Design via Surrogate Modelling}},
  year      = {2008},
  publisher = {John Wiley \& Sons},
  edition   = {1},
  isbn      = {978-0470060681},
  owner     = {Dan},
  timestamp = {2016.09.26},
}

@Book{Bertsekas1999a,
  author    = {Bertsekas, Dimitri P},
  title     = {{Nonlinear Programming}},
  year      = {1999},
  publisher = {Athena Scientific},
  edition   = {2},
  isbn      = {978-1886529007},
  owner     = {Dan},
  timestamp = {2016.09.26},
}

@Book{Friedland1996a,
  author    = {Friedland, B.},
  title     = {{Advanced Control System Design}},
  year      = {1996},
  publisher = {Prentice-Hall},
  edition   = {1},
  isbn      = {978-0130140104},
  owner     = {Dan},
  timestamp = {2016.10.17},
}

@Conference{Fathy2001a,
  author    = {Fathy, Hosam K and Reyer, Julie A and Papalambros, Panos Y and Ulsoy, A Galip},
  title     = {{On the Coupling between the Plant and Controller Optimization Problems}},
  booktitle = {American Control Conference},
  month     = jun,
  year      = {2001},
  location  = {Arlington, VA, USA},
  pages     = {1864--1869},
  volume    = {3},
  doi       = {10.1109/ACC.2001.946008},
  owner     = {Dan},
  timestamp = {2016.09.24},
}

@Conference{Reyer2001a,
  author    = {Reyer, Julie A and Fathy, Hosam K and Papalambros, Panos Y and Ulsoy, A Galip},
  title     = {{Comparison of Combined Embodiment Design and Control Optimization Strategies Using Optimality Conditions}},
  booktitle = {Design Engineering Technical Conference},
  month     = sep,
  year      = {2001},
  location  = {Pittsburgh, PA, USA},
  number    = {DETC2001/DAC-21119},
  owner     = {Dan},
  timestamp = {2016.09.24},
}

@Conference{Fathy2003a,
  author    = {Fathy, Hosam K and Papalambros, Panos Y and Ulsoy, A Galip and Hrovat, Davor},
  title     = {{Nested Plant/Controller Optimization with Application to Combined Passive/Active Automotive Suspensions}},
  booktitle = {American Control Conference},
  month     = jun,
  year      = {2003},
  location  = {Denver, CO, USA},
  pages     = {3375--3380},
  volume    = {4},
  doi       = {10.1109/ACC.2003.1244053},
  owner     = {Dan},
  timestamp = {2016.09.24},
}

@Conference{Alyaqout2007a,
  author    = {Alyaqout, Sulaiman F and Papalambros, Panos Y and Ulsoy, A Galip},
  title     = {{Coupling in Design and Robust Control Optimization}},
  booktitle = {European Control Conference},
  month     = jul,
  year      = {2007},
  location  = {Kos, Greece},
  pages     = {1414--1421},
  owner     = {Dan},
  timestamp = {2016.09.26},
}

@Conference{Peters2009a,
  author    = {Peters, Diane L and Papalambros, Panos Y and Ulsoy, A Galip},
  title     = {{On Measures of Coupling Between the Artifact and Controller Optimal Design Problems}},
  booktitle = {International Design Engineering Technical Conferences},
  year      = {2009},
  location  = {San Diego, CA, USA},
  pages     = {1363--1372},
  volume    = {2},
  doi       = {10.1115/DETC2009-86868},
  number    = {DETC2009-86868},
  owner     = {Dan},
  timestamp = {2016.09.26},
}

@Conference{Alyaqout2007b,
  author    = {Alyaqout, S. F. and Papalambros, P. Y. and Ulsoy, A. G.},
  title     = {{Combined Design and Robust Control of a Vehicle Passive/Active Suspension}},
  booktitle = {European Control Conference},
  month     = jul,
  year      = {2007},
  location  = {Kos, Greece},
  pages     = {1264--1270},
  owner     = {Dan},
  timestamp = {2016.10.16},
}

@Conference{Bourmistrova2005a,
  author    = {Bourmistrova, A. and Storey, I. and Subic, A.},
  title     = {{Multiobjective Optimisation of Active and Semi-Active Suspension Systems with Application of Evolutionary Algorithm}},
  booktitle = {International Conference on Modelling and Simulation},
  month     = dec,
  year      = {2005},
  location  = {Melbourne, Australia},
  pages     = {1217--1223},
  owner     = {Dan},
  timestamp = {2016.10.16},
}

@Conference{Chilan2016a,
  author    = {Chilan, Christian M. and Herber, Daniel R. and Nakka, Yashwanth K. and Chung, Soon-Jo and Allison, James T. and Aldrich, Jack B. and Alvarez-Salazar, Oscar S.},
  title     = {{Co-Design of Strain-Actuated Solar Arrays for Precision Pointing and Jitter Reduction}},
  booktitle = {Science and Technology Forum and Exposition},
  month     = jan,
  year      = {2016},
  location  = {San Diego, CA, USA},
  doi       = {10.2514/6.2016-0162},
  number    = {AIAA-2016-0162},
  owner     = {Dan},
  timestamp = {2016.10.16},
}

@Conference{Deshmukh2013a,
  author    = {Deshmukh, Anand P and Allison, James T},
  title     = {{Simultaneous Structural and Control System Design for Horizontal Axis Wind Turbines}},
  booktitle = {Multidisciplinary Design Optimization Specialist Conference},
  month     = apr,
  year      = {2013},
  location  = {Boston, MA, USA},
  doi       = {10.2514/6.2013-1533},
  number    = {AIAA 2013-1533},
  owner     = {Dan},
  timestamp = {2016.10.17},
}

@Conference{Deshmukh2013b,
  author    = {Deshmukh, Anand P. and Allison, James T.},
  title     = {{Design of Nonlinear Dynamic Systems Using Surrogate Models of Derivative Functions}},
  booktitle = {International Design Engineering Technical Conferences},
  month     = aug,
  year      = {2013},
  location  = {Portland, OR, USA},
  doi       = {10.1115/DETC2013-12262},
  owner     = {Dan},
  timestamp = {2016.10.17},
}

@Conference{Herber2013a,
  author    = {Herber, Daniel R. and Allison, James T.},
  title     = {{Wave Energy Extraction Maximization in Irregular Ocean Waves Using Pseudospectral Methods}},
  booktitle = {International Design Engineering Technical Conferences},
  month     = {8},
  year      = {2013},
  location  = {Portland, OR, USA},
  doi       = {10.1115/DETC2013-12600},
  owner     = {Dan},
  timestamp = {2016.10.17},
}

@Conference{Herber2017b,
  author    = {Herber, D. R. and Allison, J. T.},
  title     = {{Nested and Simultaneous Solution Strategies for General Combined Plant and Controller Design Problems}},
  booktitle = {ASME International Design Engineering Technical Conferences},
  month     = {8},
  year      = {2017},
  location  = {Cleveland, OH, USA},
  pages     = {V02AT03A002},
  doi       = {10.1115/DETC2017-67668},
  number    = {DETC2017-67668},
}

@InBook{Berlingerio2009a,
  author    = {Berlingerio, M. and Bonchi, F. and Bringmann, B. and Gionis, A.},
  title     = {{Mining Graph Evolution Rules}},
  booktitle = {Machine Learning and Knowledge Discovery in Databases},
  year      = {2009},
  volume    = {5781},
  publisher = {Springer},
  pages     = {115--130},
  doi       = {10.1007/978-3-642-04180-8_25},
  owner     = {Dan},
  timestamp = {2016.10.16},
}

@MastersThesis{Herber2014a,
  author      = {Herber, Daniel R},
  title       = {{Dynamic System Design Optimization of Wave Energy Converters Utilizing Direct Transcription}},
  institution = {University of Illinois at Urbana-Champaign},
  year        = {2014},
  location    = {Urbana, IL, USA},
  month       = may,
  url         = {http://hdl.handle.net/2142/49463},
  owner       = {Dan},
  timestamp   = {2016.10.14},
}

@Phdthesis{Peters2010a,
  author      = {Peters, Diane L},
  title       = {{Coupling and Controllability in Optimal Design and Control}},
  institution = {The University of Michigan},
  location    = {Ann Arbor, MI, USA},
  month       = jun,
  year        = {2010},
  url         = {http://hdl.handle.net/2027.42/75943},
  owner       = {Dan},
  timestamp   = {2016.09.24},
}

@Phdthesis{Roos2007a,
  author      = {Roos, Fredrik},
  title       = {{Towards a Methodology for Integrated Design of Mechatronic Servo Systems}},
  institution = {Royal Institute of Technology},
  location    = {Stockholm, Sweden},
  month       = jul,
  year        = {2007},
  url         = {http://kth.diva-portal.org/smash/get/diva2:12432/FULLTEXT01.pdf},
  owner       = {Dan},
  timestamp   = {2016.09.26},
}

@Phdthesis{Butsuen1989a,
  author      = {Butsuen, Tetsuro},
  title       = {{The Design of Semi-active Suspensions for Automotive Vehicles}},
  institution = {Massachusetts Institute of Technology},
  location    = {Cambridge, MA, USA},
  month       = jun,
  year        = {1989},
  url         = {http://hdl.handle.net/1721.1/14220},
  owner       = {Dan},
  timestamp   = {2016.09.26},
}

@Phdthesis{Allison2008b,
  author      = {Allison, J. T.},
  title       = {{Optimal Partitioning and Coordination Decisions in Decomposition-based Design Optimization}},
  institution = {The University of Michigan},
  location    = {Ann Arbor, MI, USA},
  month       = {5},
  year        = {2008},
  url         = {http://hdl.handle.net/2027.42/58449},
  owner       = {Dan},
  timestamp   = {2016.10.16},
}

@Article{Paranjape2013a,
  doi       = {10.1109/TRO.2013.2240711},
  author    = {Paranjape, Aditya A and Guan, Jinyu and Chung, Soon-Jo and Krstic, Miroslav},
  title     = {{PDE Boundary Control for Flexible Articulated Wings on a Robotic Aircraft}},
  journal   = {{IEEE} Transactions on Robotics},
  month     = jun,
  year      = {2013},
  number    = {3},
  volume    = {29},
  pages     = {625--640},
  owner     = {Dan},
  publisher = {Institute of Electrical and Electronics Engineers ({IEEE})},
  timestamp = {2016.10.14},
}

@Article{Nakka2016a,
  author    = {Nakka, Y K and Chung, S-J and Allison, J T and Aldrich, J B and Alvarez-Salazar, O S},
  title     = {{Nonlinear ODE-PDE Control of Strain Actuated Solar Arrays for High Precision Spacecraft Attitude Control}},
  journal   = {Journal of Guidance, Control, and Dynamics (to be submitted)},
  owner     = {Dan},
  timestamp = {2016.10.14},
}

@Article{Biegler2007a,
  doi       = {10.1016/j.cep.2006.06.021},
  author    = {Biegler, Lorenz T},
  title     = {{An Overview of Simultaneous Strategies for Dynamic Optimization}},
  journal   = {Chemical Engineering and Processing: Process Intensification},
  month     = nov,
  year      = {2007},
  number    = {11},
  volume    = {46},
  pages     = {1043--1053},
  owner     = {Dan},
  publisher = {Elsevier {BV}},
  timestamp = {2016.10.17},
}

@Article{Patterson2014a,
  doi       = {10.1145/2558904},
  author    = {Patterson, Michael A. and Rao, Anil V.},
  title     = {{GPOPS--II: A MATLAB Software for Solving Multiple-Phase Optimal Control Problems Using hp-Adaptive Gaussian Quadrature Collocation Methods and Sparse Nonlinear Programming}},
  journal   = {{ACM} Transactions on Mathematical Software},
  month     = oct,
  year      = {2014},
  number    = {1},
  volume    = {41},
  pages     = {1--37},
  owner     = {Daniel},
  publisher = {Association for Computing Machinery ({ACM})},
  timestamp = {2016.10.17},
}

@Article{Houska2011a,
  doi       = {10.1002/oca.939},
  author    = {Houska, Boris and Ferreau, Hans Joachim and Diehl, Moritz},
  title     = {{ACADO Toolkit--An Open-source Framework for Automatic Control and Dynamic Optimization}},
  journal   = {Optimal Control Applications and Methods},
  month     = may,
  year      = {2011},
  number    = {3},
  volume    = {32},
  pages     = {298--312},
  owner     = {Daniel},
  publisher = {Wiley-Blackwell},
  timestamp = {2016.10.17},
}

@Article{Wang2009a,
  doi     = {10.1002/nme.2655},
  author  = {Wang, Q. and Arora, J. S.},
  title   = {{Several Simultaneous Formulations for Transient Dynamic Response Optimization: An Evaluation}},
  journal = {International Journal for Numerical Methods in Engineering},
  month   = oct,
  year    = {2009},
  number  = {5},
  volume  = {80},
  pages   = {631--650},
}

@Article{Arnon1998a,
  doi     = {10.1109/7.670339},
  author  = {Arnon, S. and Rotman, S. and Kopeika, N. S.},
  title   = {{Optimum Transmitter Optics Aperture for Satellite Optical Communication}},
  journal = {IEEE Transactions on Aerospace and Electronic Systems},
  month   = apr,
  year    = {1998},
  number  = {2},
  volume  = {34},
  pages   = {590--596},
}

@Article{Sirlin1987a,
  doi     = {10.1121/1.2024666},
  author  = {Samuel W. Sirlin},
  title   = {{Vibration Isolation for Spacecraft Using the Piezoelectric Polymer PVF$_2$}},
  journal = {The Journal of the Acoustical Society of America},
  month   = nov,
  year    = {1987},
  number  = {S13},
  volume  = {82},
}

@Article{Rao1994a,
  doi     = {10.1115/1.3111074},
  author  = {S. S. Rao and M. Sunar},
  title   = {{Piezoelectricity and Its Use in Disturbance Sensing and Control of Flexible Structures: A Survey}},
  journal = {Applied Mechanics Reviews},
  month   = apr,
  year    = {1994},
  number  = {7},
  volume  = {47},
  pages   = {113--123},
}

@Article{Cowen2013a,
  doi     = {10.1038/497417a},
  author  = {Ron Cowen},
  title   = {{The Wheels Come Off Kepler}},
  journal = {Nature},
  month   = may,
  year    = {2013},
  number  = {7450},
  volume  = {497},
  pages   = {417--418},
}

@Article{Coverstone1995a,
  doi     = {10.1016/0094-5765(95)00096-I},
  author  = {V. L. Coverstone-Carroll and N. M. Wilkey},
  title   = {{Optimal Control of a Satellite-Robot System Using Direct Collocation with Non-linear Programming}},
  journal = {Acta Astronautica},
  month   = aug,
  year    = {1995},
  number  = {3},
  volume  = {36},
  pages   = {149--162},
}

@Article{Meckl1994a,
  doi     = {10.1109/87.317981},
  author  = {Meckl, P. H. and Kinceler, R.},
  title   = {{Robust Motion Control of Flexible Systems Using Feedfoward Forcing Functions}},
  journal = {IEEE Transactions on Control Systems Technology},
  month   = sep,
  year    = {1994},
  number  = {3},
  volume  = {2},
  pages   = {245--254},
}

@Article{Smith1992a,
  doi     = {10.2514/3.20924},
  author  = {Smith, M. J. and Grigoriadis, K. M. and Skelton, R. E.},
  title   = {{Optimal Mix of Passive and Active Control in Structures}},
  journal = {Journal of Guidance, Control, and Dynamics},
  year    = {1992},
  number  = {4},
  volume  = {15},
  pages   = {912--919},
}

@Article{Crawley1987a,
  doi     = {10.2514/3.9792},
  author  = {Crawley, E. F. and Luis, J. D.},
  title   = {{Use of Piezoelectric Actuators as Elements of Intelligent Structures}},
  journal = {AIAA Journal},
  month   = oct,
  year    = {1987},
  number  = {10},
  volume  = {25},
  pages   = {1373--1385},
}

@Article{Pan1992a,
  doi     = {10.1177/1045389X9200300101},
  author  = {Pan, J. and Hansen, C. H. and Snyder, S. D.},
  title   = {{A Study of the Response of a Simply Supported Beam to Excitation by a Piezoelectric Actuator}},
  journal = {Journal of Intelligent Material Systems and Structures},
  month   = jan,
  year    = {1992},
  number  = {1},
  volume  = {3},
  pages   = {3--16},
}

@Article{Hwang1993a,
  doi     = {10.2514/3.11707},
  author  = {Hwang, W. and Park, H. C.},
  title   = {{Finite Element Modeling of Piezoelectric Sensors and Actuators}},
  journal = {AIAA Journal},
  month   = may,
  year    = {1993},
  number  = {5},
  volume  = {31},
  pages   = {930--937},
}

@Article{Alvarez-Salazar1999a,
  doi     = {10.1006/jsvi.1998.2010},
  author  = {Alvarez-Salazar, O. S. and Iliff, K.},
  title   = {{Destabilizing Effects of Rate Feedback on Strain Actuated Beams}},
  journal = {Journal of Sound and Vibration},
  month   = mar,
  year    = {1999},
  number  = {2},
  volume  = {221},
  pages   = {289--307},
}

@Article{Bailey1985a,
  doi     = {10.2514/3.20029},
  author  = {Bailey, T. and {Hubbard Jr.}, J. E.},
  title   = {{Distributed Piezoelectric-Polymer Active Vibration Control of a Cantilever Beam}},
  journal = {Journal of Guidance, Control, and Dynamics},
  month   = sep,
  year    = {1985},
  number  = {5},
  volume  = {8},
  pages   = {605--611},
}

@Article{Dimitriadis1991a,
  doi     = {10.1115/1.2930143},
  author  = {Dimitriadis, E. K. and Fuller, C. R. and Rogers, C. A.},
  title   = {{Piezoelectric Actuators for Distributed Vibration Excitation of Thin Plates}},
  journal = {Journal of Vibration and Acoustics},
  month   = jan,
  year    = {1991},
  number  = {1},
  volume  = {113},
  pages   = {100--107},
}

@Article{Balas1978a,
  doi     = {10.1007/BF00932903},
  author  = {Balas, M. J.},
  title   = {{Active Control of Flexible Systems}},
  journal = {Journal of Optimization Theory and Applications},
  month   = jul,
  year    = {1978},
  number  = {3},
  volume  = {25},
  pages   = {415--436},
}

@Article{Salama1998a,
  doi     = {10.1007/BF00368961},
  author  = {Salama, M. and Garba, J. and Demsetz, L.},
  title   = {{Simultaneous Optimization of Controlled Structures}},
  journal = {Computational Mechanics},
  month   = jul,
  year    = {1988},
  number  = {4},
  volume  = {3},
  pages   = {275--282},
}

@Article{Wu2014a,
  doi     = {10.1115/1.4026555},
  author  = {Wu, Z. and Harne, R. L. and Wang, K.-W.},
  title   = {{Energy Harvester Synthesis Via Coupled Linear-Bistable System with Multistable Dynamics}},
  journal = {Journal of Applied Mechanics},
  month   = feb,
  year    = {2014},
  number  = {6},
  volume  = {81},
  pages   = {061005},
}

@Article{Grigoriadis1993a,
  doi     = {10.1115/1.2801186},
  author  = {Grigoriadis, K. M. and Zhu, G. and Skelton, R. E.},
  title   = {{Optimal Redesign of Linear Systems}},
  journal = {Journal of Dynamic Systems, Measurement, and Control},
  month   = sep,
  year    = {1993},
  number  = {3},
  volume  = {118},
  pages   = {598--605},
}

@Article{Allison2007b,
  doi     = {10.1115/1.2747632},
  author  = {Allison, J. T. and Kokkolaras, M. and Papalambros, P. Y.},
  title   = {{On Selecting Single-Level Formulations for Complex System Design Optimization}},
  journal = {Journal of Mechanical Design},
  month   = sep,
  year    = {2007},
  number  = {9},
  volume  = {129},
  pages   = {898--906},
}

@Article{Fanson1990a,
  doi     = {10.2514/3.10451},
  author  = {Fanson, J. L. and Caughey, T. K.},
  title   = {{Positive Position Feedback Control for Large Space Structures}},
  journal = {AIAA Journal},
  month   = apr,
  year    = {1990},
  number  = {4},
  volume  = {28},
  pages   = {717--724},
}

@Article{Li2013a,
  doi     = {10.1016/j.jsv.2012.08.005},
  author  = {Li, W. P. and Huang, H.},
  title   = {{Integrated Optimization of Actuator Placement and Vibration Control for Piezoelectric Adaptive Trusses}},
  journal = {Journal of Sound and Vibration},
  month   = jan,
  year    = {2013},
  number  = {1},
  volume  = {332},
  pages   = {17--32},
}

@Article{Grandhi1989a,
  doi     = {10.1016/0045-7949(89)90222-8},
  author  = {Grandhi, R. V.},
  title   = {{Structural and Control Optimization of Space Structures}},
  journal = {Computers \& Structures},
  year    = {1989},
  number  = {2},
  volume  = {31},
  pages   = {139--150},
}

@Article{Yu2005a,
  doi     = {10.1115/1.1900750},
  author  = {Yu, Y.-Q. and Howell, L. L. and Lusk, C. and Yue, Y. and He, M.-G.},
  title   = {{Dynamic Modeling of Compliant Mechanisms Based on the Pseudo-Rigid-Body Model}},
  journal = {Journal of Mechanical Design},
  month   = aug,
  year    = {2005},
  number  = {4},
  volume  = {127},
  pages   = {760--765},
}

@Article{Ben1996a,
  doi     = {10.1002/(SICI)1097-0207(19960930)39:18<3101::AID-NME987>3.0.CO;2-O},
  author  = {Ben-Tal, A. and Bar-Yoseph, P. Z.},
  title   = {{Space-Time Spectral Element Method for Optimal Slewing of a Flexible Beam}},
  journal = {International Journal for Numerical Methods in Engineering},
  month   = sep,
  year    = {1996},
  number  = {18},
  volume  = {39},
  pages   = {3101--3121},
}

@Article{Paranjape2012a,
  doi     = {10.2514/1.J051447},
  author  = {Paranjape, A. A. and Chung, S.-J. and Hilton, H. H. and Chakravarthy, A.},
  title   = {{Dynamics and Performance of Tailless Micro Aerial Vehicle with Flexible Articulated Wings}},
  journal = {AIAA Journal},
  month   = may,
  year    = {2012},
  number  = {5},
  volume  = {50},
  pages   = {1177--1188},
}

@Article{Lee2011a,
  doi     = {10.1002/adma.201003961},
  author  = {Lee, J. and Wu, J. and Shi, M. and Yoon, J. and Park, S.-I. and Li, M. and Liu, Z. and Huang, Y. and Rogers, J. A.},
  title   = {{Stretchable GaAS Photovoltaics With Designs That Enable High Areal Coverage}},
  journal = {Advanced Materials},
  month   = feb,
  year    = {2011},
  number  = {8},
  volume  = {23},
  pages   = {986--991},
}

@Article{Qiu2016a,
  doi     = {10.1002/smll.201600326},
  author  = {Qiu, L. and He, S. and Yang, J. and Deng, J. and Peng, H.},
  title   = {{Fiber-Shaped Perovskite Solar Cells With High Power Conversion Efficiency}},
  journal = {Small},
  month   = may,
  year    = {2016},
  number  = {18},
  volume  = {12},
  pages   = {2419--2424},
}

@Article{Enright1992a,
  doi     = {10.2514/3.20934},
  author  = {Enright, P. J. and Conway, B. A.},
  title   = {{Discrete Approximations to Optimal Trajectories Using Direct Transcription and Nonlinear Programming}},
  journal = {Journal of Guidance, Control, and Dynamics},
  year    = {1992},
  number  = {4},
  volume  = {15},
  pages   = {994--1002},
}

@Article{Chilan2013a,
  doi     = {10.2514/1.58766},
  author  = {Chilan, C. M. and Conway, B. A.},
  title   = {{Automated Design of Multiphase Space Missions Using Hybrid Optimal Control}},
  journal = {Journal of Guidance, Control, and Dynamics},
  month   = sep,
  year    = {2013},
  number  = {5},
  volume  = {36},
  pages   = {1410--1424},
}

@Article{Morgan2014a,
  doi     = {10.2514/1.G000218},
  author  = {Morgan, D. and Chung, S.-J. and Hadaegh, F. Y.},
  title   = {{Model Predictive Control of Swarms of Spacecraft Using Sequential Convex Programming}},
  journal = {Journal of Guidance, Control, and Dynamics},
  month   = nov,
  year    = {2014},
  number  = {6},
  volume  = {37},
  pages   = {1725--1740},
}

@Book{Bryson1975a,
  author    = {Bryson Jr., Arthur E and Ho, Yu-Chi},
  title     = {{Applied Optimal Control}},
  year      = {1975},
  publisher = {Talylor \& Francis},
  edition   = {revised edition},
  isbn      = {978-0891162285},
  owner     = {Dan},
  timestamp = {2016.09.24},
}

@Book{Betts2010a,
  author    = {Betts, John T},
  title     = {{Practical Methods for Optimal Control and Estimation Using Nonlinear Programming}},
  year      = {2010},
  publisher = {SIAM},
  edition   = {2},
  isbn      = {978-0898716887},
  doi       = {10.1137/1.9780898718577},
  month     = {1},
  owner     = {Dan},
  timestamp = {2016.09.26},
}

@Book{Biegler2010a,
  author    = {Biegler, Lorenz T},
  title     = {{Nonlinear Programming}},
  year      = {2010},
  publisher = {SIAM},
  edition   = {2},
  isbn      = {978-0898717020},
  doi       = {10.1137/1.9780898719383},
  month     = {1},
  owner     = {Dan},
  timestamp = {2016.09.26},
}

@Book{Liberzon2012a,
  author    = {Liberzon, D.},
  title     = {{Calculus of Variations and Optimal Control Theory: A Concise Introduction}},
  year      = {2012},
  publisher = {Princeton University Press},
  edition   = {1},
  isbn      = {978-0691151878},
  owner     = {Dan},
  timestamp = {2016.10.17},
}

@Book{Borrelli2017a,
  author    = {F. Borrelli and A. Bemporad and M. Morari},
  title     = {{Predictive Control for Linear and Hybrid Systems}},
  year      = {2017},
  publisher = {Cambridge University Press},
  edition   = {1},
  isbn      = {978-1107652873},
  owner     = {Daniel},
  timestamp = {2016.10.17},
}

@Book{Spong2005a,
  author    = {Spong, M. W. and Hutchinson, S. and Vidyasagar, M.},
  title     = {{Robot Modeling and Control}},
  year      = {2005},
  publisher = {Wiley},
  edition   = {1},
  isbn      = {978-0471649908},
}

@Book{Pontryagin1962a,
  author    = {Pontryagin, L. S.},
  title     = {{The Mathematical Theory of Optimal Processes}},
  year      = {1962},
  publisher = {Interscience},
}

@Book{Goldstine1980a,
  author    = {Herman H. Goldstine},
  title     = {{A History of the Calculus of Variations from the 17th through the 19th Century}},
  year      = {1980},
  publisher = {Springer},
  edition   = {1},
  isbn      = {978-1461381082},
  doi       = {10.1007/978-1-4613-8106-8},
}

@Book{Ruiter2013a,
  author    = {Anton H. de Ruiter and Christopher Damaren and James R. Forbes},
  title     = {{Spacecraft Dynamics and Control: An Introduction}},
  year      = {2013},
  publisher = {John Wiley \& Sons},
  edition   = {1},
  isbn      = {978-1118342367},
}

@Book{Meirovitch1990a,
  author    = {Leonard Meirovitch},
  title     = {{Dynamics and Control of Structures}},
  year      = {1990},
  publisher = {John Wiley \& Sons},
  edition   = {1},
  isbn      = {978-0471628583},
}

@Book{Bisplinghoff1996a,
  author    = {Bisplinghoff, R. L. and Ashley, H. and Halfman, R. L.},
  title     = {{Aeroelasticity}},
  year      = {1996},
  publisher = {Dover},
  edition   = {1},
  isbn      = {978-0486691893},
}

@Book{Junkins1993a,
  author    = {Junkins, J. L. and Kim, Y.},
  title     = {{Introduction to Dynamics and Control of Flexible Structures}},
  year      = {1993},
  publisher = {AIAA},
  edition   = {1},
  isbn      = {9781563470547},
  doi       = {10.2514/4.862076},
}

@Book{Moheimani2006a,
  author    = {Moheimani, S. O. M. and Fleming, A. J.},
  title     = {{Piezoelectric Transducers for Vibration Control and Damping}},
  year      = {2006},
  publisher = {Springer},
  edition   = {1},
  isbn      = {978-1846283314},
  doi       = {10.1007/1-84628-332-9},
}

@Conference{Fahroo2008a,
  author    = {Fahroo, Fariba and Ross, I. Michael},
  title     = {{Advances in Pseudospectral Methods for Optimal Control}},
  booktitle = {{AIAA} Guidance, Navigation and Control Conference and Exhibit},
  month     = {8},
  year      = {2008},
  location  = {Honolulu, HI, USA},
  doi       = {10.2514/6.2008-7309},
  number    = {AIAA 2008-7309},
  owner     = {Daniel},
  timestamp = {2016.10.17},
}

@Conference{Becerra2010a,
  author    = {Becerra, Victor M.},
  title     = {{Solving Complex Optimal Control Problems at No Cost with PSOPT}},
  booktitle = {International Symposium on Computer-Aided Control System Design},
  month     = sep,
  year      = {2010},
  location  = {Yokohama, Japan},
  pages     = {1391--1396},
  doi       = {10.1109/CACSD.2010.5612676},
  owner     = {Daniel},
  publisher = {Institute of Electrical and Electronics Engineers ({IEEE})},
  timestamp = {2016.10.17},
}

@Conference{Herceg2013a,
  author    = {Herceg, M. and Kvasnica, M. and Jones, C. N. and Morari, M.},
  title     = {{Multi-Parametric Toolbox 3.0}},
  booktitle = {European Control Conference},
  month     = jul,
  year      = {2013},
  location  = {Z\"{u}rich, Switzerland},
  pages     = {502--510},
  url       = {http://control.ee.ethz.ch/~mpt},
}

@Conference{Manning1991a,
  author    = {Manning, R. A.},
  title     = {{Optimum Design of Intelligent Truss Structures}},
  booktitle = {Structures, Structural Dynamics, and Materials Conference, Structures, Structural Dynamics, and Materials},
  month     = apr,
  year      = {1991},
  location  = {Baltimore, MA, USA},
  pages     = {528--533},
  doi       = {10.2514/6.1991-1158},
}

@Conference{Pinkerton1996a,
  author    = {Pinkerton, Jennifer L. and McGowan, Anna-Maria R. and Moses, Robert W. and Scott, Robert C. and Heeg, Jennifer},
  title     = {{Controlled Aeroelastic Response and Airfoil Shaping Using Adaptive Materials and Integrated Systems}},
  booktitle = {Symposium on Smart Structures and Materials},
  month     = feb,
  year      = {1996},
  location  = {San Diego, CA, USA},
  pages     = {166--177},
}

@Conference{Herber2014c,
  author    = {Herber, D. R. and McDonald, J. W. and Alvarez-Salazar, O. S. and Krishnan, G. and Allison, J. T.},
  title     = {{Reducing Spacecraft Jitter During Satellite Reorientation Maneuvers via Solar Array Dynamics}},
  booktitle = {AIAA/ISSMO Multidisciplinary Analysis and Optimization Conference},
  month     = jun,
  year      = {2014},
  location  = {Atlanta, GA, USA},
  doi       = {10.2514/6.2014-3278},
  number    = {AIAA2014-3278},
}

@Conference{Salazar2016a,
  author    = {Alvarez-Salazar, O. S. and Aldrich, J. B. and Filipe, N. and Allison, J. T. and Chung, S.-J.},
  title     = {{Strain Actuated Solar Arrays for Precision Pointing of Spacecraft}},
  booktitle = {AAS Guidance, Navigation, and Control Conference},
  month     = feb,
  year      = {2016},
  location  = {Breckenridge, CO, USA},
  number    = {AAS 16-137},
}

@InBook{Junkins1988a,
  author    = {Junkins, J. L. and Rew, D. W.},
  title     = {{Unified Optimization of Structures and Controllers}},
  booktitle = {{Large Space Structures: Dynamics and Control}},
  year      = {1988},
  editor    = {S. N. Atluri and A. K. Amos},
  edition   = {1},
  publisher = {Springer},
  isbn      = {978-3642833786},
  pages     = {323--353},
  doi       = {10.1007/978-3-642-83376-2_14},
}

@InBook{Hubbard1992a,
  author    = {{Hubbard Jr.}, J. E. and Burke, S. E.},
  title     = {{Distributed Transducer Design for Intelligent Structural Components}},
  booktitle = {{Intelligent Structural Systems}},
  year      = {1992},
  editor    = {H. S. Tzou and G. L. Anderson},
  volume    = {13},
  edition   = {1},
  publisher = {Springer},
  isbn      = {978-9048141920},
  pages     = {305--324},
  doi       = {10.1007/978-94-017-1903-2_8},
}

@Manual{SOS2015a,
  author    = {J. T. Betts},
  title     = {{Sparse Optimization Suite (SOS)}},
  year      = {2015},
  edition   = {Release 2015.11},
  owner     = {Daniel},
  timestamp = {2016.10.17},
}

@MastersThesis{Pietz2003a,
  author      = {Pietz, Jesse A},
  title       = {{Pseudospectral Collocation Methods for the Direct Transcription of Optimal Control Problems}},
  institution = {Rice University},
  year        = {2003},
  url         = {http://hdl.handle.net/1911/17616},
  address     = {Houston, TX, USA},
  owner       = {Dan},
  timestamp   = {2016.09.26},
}

@MastersThesis{Fowler2012a,
  author      = {Fowler, R. M.},
  title       = {{Investigation of Compliant Space Mechanisms with Application to the Design of a Large-Displacement Monolithic Compliant Rotational Hinge}},
  institution = {Brigham Young University},
  year        = {2012},
  location    = {Provo, UT, USA},
  month       = aug,
  url         = {http://hdl.lib.byu.edu/1877/etd5391},
}

@MastersThesis{Nakka2016a,
  author      = {Nakka, Y. K.},
  title       = {{Nonlinear Attitude Control of Spacecraft With Strain-Actuated Solar Arrays}},
  institution = {University of Illinois at Urbana-Champaign},
  year        = {2016},
  location    = {Urbana, IL, USA},
  month       = aug,
  url         = {http://hdl.handle.net/2142/95273},
}

@Online{Chachuat2007a,
  author       = {Chachuat, B.},
  title        = {{Nonlinear and Dynamic Optimization: From Theory to Practice}},
  year         = {2007},
  url          = {https://infoscience.epfl.ch/record/111939/files/Chachuat_07(IC32).pdf},
  version      = {IC-32: winter semester 2006/2007},
  organization = {Automatic Control Laboratory},
}

@Online{Kelly2015a,
  author       = {Kelly, M. P.},
  title        = {{Transcription Methods for Trajectory Optimization}},
  year         = {2015},
  url          = {http://www.matthewpeterkelly.com/research/MattKelly__Transcription_Methods_for_Trajectory_Optimization.pdf},
  organization = {Cornell University},
}

@Phdthesis{Darby2009a,
  author      = {Darby, C. L.},
  title       = {{hp-Pseudospectral Method for Solving Continuous-Time Nonlinear Optimal Control Problems}},
  institution = {University of Florida},
  location    = {Gainesville, FL, USA},
  year        = {2009},
  url         = {http://ufdc.ufl.edu/UFE0042778/00001},
  owner       = {Dan},
  timestamp   = {2016.10.17},
}

@Phdthesis{Garg2011a,
  author      = {Garg, D.},
  title       = {{Advances in Global Pseudospectral Methods for Optimal Control}},
  institution = {University of Florida},
  location    = {Gainesville, FL, USA},
  year        = {2011},
  url         = {http://ufdc.ufl.edu/UFE0043196/00001},
}

@Report{Lindmayer1977a,
  author      = {Lindmayer, J. and C.Y., W.},
  title       = {{Development of a High Efficiency Thin Silicon Solar Cell}},
  type        = {techreport},
  institution = {Solarex Corporation},
  year        = {1977},
  number      = {NASA-CR-157078, SX/105/F},
  location    = {Rockville, MD, USA},
  month       = sep,
}

@Report{Herber2015a,
  author      = {Herber, Daniel R},
  title       = {{Basic Implementation of Multiple-Interval Pseudospectral Methods to Solve Optimal Control Problems}},
  type        = {techreport},
  institution = {Engineering System Design Lab, University of Illinois at Urbana-Champaign},
  year        = {2015},
  number      = {UIUC-ESDL-2015-01},
  location    = {Urbana, IL, USA},
  url         = {http://hdl.handle.net/2142/77888},
  owner       = {Dan},
  timestamp   = {2016.09.24},
}

@Article{Tanino1984a,
  doi     = {10.1080/00207728408926552},
  author  = {Tanino, T. and Ogawa, T.},
  title   = {{An Algorithm for Solving Two-level Convex Optimization Problems}},
  journal = {International Journal of Systems Science},
  year    = {1984},
  number  = {2},
  volume  = {15},
  pages   = {163--174},
}

@Article{Colson2007a,
  doi     = {10.1007/s10479-007-0176-2},
  author  = {Colson, B. and Marcotte, P. and Savard, G.},
  title   = {{An Overview of Bilevel Optimization}},
  journal = {Annals of Operations Research},
  month   = sep,
  year    = {2007},
  number  = {1},
  volume  = {153},
  pages   = {235--256},
}

@Article{Vicente1994a,
  doi     = {10.1007/BF01096458},
  author  = {Vicente, L. N. and Calamai, P. H.},
  title   = {{Bilevel and Multilevel Programming: A Bibliography Review}},
  journal = {Journal of Global Optimization},
  year    = {1994},
  number  = {3},
  volume  = {5},
  pages   = {291--306},
}

@Article{Willem1990a,
  doi     = {10.1016/0142-694X(90)90013-3},
  author  = {Raymond A Willem},
  title   = {{Design and Science}},
  journal = {Design Studies},
  month   = {1},
  year    = {1990},
  number  = {1},
  volume  = {11},
  pages   = {43--47},
}

@Article{igraph,
  author    = {G\'{a}bor Cs\'{a}rdi and Tam\'{a}s Nepusz},
  title     = {{The igraph Software Package for Complex Network Research}},
  journal   = {InterJournal},
  year      = {2006},
  volume    = {Complex Systems},
  pages     = {1695},
  url       = {http://igraph.org},
  owner     = {Daniel},
  timestamp = {2016.10.14},
}

@Book{Ravindran2006a,
  author    = {Ravindran, A. and Ragsdell, K. M. and Reklaitis, G. V.},
  title     = {{Engineering Optimization: Methods and Applications}},
  year      = {2006},
  publisher = {John Wiley \& Sons},
  edition   = {2},
  isbn      = {978-0471558149},
  doi       = {10.1002/9780470117811},
  owner     = {Dan},
  timestamp = {2016.10.17},
}

@Book{Papalambros2017a,
  author    = {Papalambros, P. Y. and Wilde, D. J.},
  title     = {{Principles of Optimal Design}},
  year      = {2017},
  publisher = {Cambridge University Press},
  edition   = {3},
  isbn      = {978-1107132672},
}

@Book{Boyd2009a,
  author    = {Boyd, S. and Vandenberghe, L.},
  title     = {{Convex Optimization}},
  year      = {2009},
  publisher = {Cambridge University Press},
  edition   = {7},
  isbn      = {978-0521833783},
}

@Book{Strang1991a,
  author    = {Strang, G.},
  title     = {{Calculus}},
  year      = {1991},
  publisher = {Wellesley-Cambridge Press},
  edition   = {1},
}

@Book{9780124058910,
  author    = {Krish Krishnan},
  title     = {{Data Warehousing in the Age of Big Data}},
  year      = {2013},
  publisher = {Elsevier},
  edition   = {1},
  isbn      = {978-0124058910},
  ean       = {9780124058910},
}

@Conference{Deshmukh2015a,
  author    = {Deshmukh, Anand P and Herber, Daniel R and Allison, James T},
  title     = {{Bridging the Gap between Open-Loop and Closed-Loop Control in Co-Design: A Framework for Complete Optimal Plant and Control Architecture Design}},
  booktitle = {American Control Conference},
  month     = {7},
  year      = {2015},
  location  = {Chicago, IL, USA},
  pages     = {4916--4922},
  doi       = {10.1109/ACC.2015.7172104},
  owner     = {Dan},
  timestamp = {2016.09.26},
}

@Conference{Allison2015a,
  author    = {Allison, James T and Herber, Daniel R and Deshmukh, Anand P},
  title     = {{Integrated Design of Dynamic Sustainable Energy Systems}},
  booktitle = {International Conference on Engineering Design},
  month     = jul,
  year      = {2015},
  location  = {Milan, Italy},
  pages     = {299--308},
  volume    = {1},
  owner     = {Dan},
  timestamp = {2016.09.26},
}

@Online{scam,
  author       = {Cheever, Erik},
  title        = {{Symbolic Circuit Analysis in Matlab}},
  url          = {https://www.mathworks.com/matlabcentral/fileexchange/3443},
  organization = {Mathworks File Exchange},
  owner        = {Dan},
  timestamp    = {2016.10.16},
}

@InBook{McCrory1966a,
  author    = {McCrory, R. J.},
  title     = {{The Design Method in Practice}},
  booktitle = {The Design Method},
  year      = {1966},
  editor    = {Gregory, S. A.},
  edition   = {1},
  publisher = {Springer},
  pages     = {11--18},
  doi       = {10.1007/978-1-4899-6331-4_1},
}

@Online{Weisstein2016a,
  author       = {Weisstein, E. W.},
  title        = {{Total Derivative}},
  url          = {http://mathworld.wolfram.com/TotalDerivative.html},
  organization = {MathWorld--A Wolfram Web Resource},
  urldate      = {2016-12-06},
}

@Online{Yu2004a,
  author = {Gang Yu},
  title  = {{Syllabus for Algorithm Design and Implementations}},
  year   = {2004},
}

@Online{matlab-circshift,
  author  = {{The MathWorks}},
  title   = {{circshift}},
  url     = {https://www.mathworks.com/help/matlab/ref/circshift.html},
  urldate = {2017-04-03},
}

@Online{matlab-fmincon,
  author  = {{The MathWorks}},
  title   = {{fmincon: Find Minimum of Constrained Nonlinear Multivariable Function}},
  url     = {https://www.mathworks.com/help/optim/ug/fmincon.html},
  urldate = {2016-10-16},
}

@Online{matlab-ndgrid,
  author  = {{The MathWorks}},
  title   = {{ndgrid}},
  url     = {https://www.mathworks.com/help/matlab/ref/ndgrid.html},
  urldate = {2017-04-10},
}

@Online{matlab-simulink,
  author    = {{The MathWorks}},
  title     = {{Simulink: Simulation and Model-Based Design}},
  url       = {https://www.mathworks.com/help/simulink/index.html},
  urldate   = {2016-10-17},
  owner     = {Dan},
  timestamp = {2016.10.17},
}

@Online{github-co-design-examples-repository,
  author       = {Herber, D. R. and James T. Allison},
  title        = {{Co-Design Examples Repository}},
  url          = {https://github.com/danielrherber/co-design-examples-repository},
  organization = {GitHub},
}

@Online{github-perfect-matchings-of-a-complete-graph,
  author       = {Herber, D. R.},
  title        = {{Perfect Matchings of a Complete Graph}},
  url          = {https://github.com/danielrherber/perfect-matchings-of-a-complete-graph},
  organization = {GitHub},
  owner        = {Daniel},
  timestamp    = {2016.10.14},
}

@Online{github-pm-architectures-project,
  author       = {Herber, D. R. and Tinghao Guo and James T. Allison},
  title        = {{PM Architectures Project}},
  url          = {https://github.com/danielrherber/pm-architectures-project},
  organization = {GitHub},
}

@Online{github-optimal-control-direct-method-examples,
  author       = {Herber, D. R.},
  title        = {{Optimal Control Direct Method Examples}},
  url          = {https://github.com/danielrherber/optimal-control-direct-method-examples},
  organization = {GitHub},
  owner        = {Daniel},
  timestamp    = {2016.10.14},
}

@Online{github-basic-multiple-interval-pseudospectral,
  author       = {Herber, D. R.},
  title        = {{Basic Implementation of Multiple-Interval Pseudospectral Methods to Solve Optimal Control Problems}},
  url          = {https://github.com/danielrherber/basic-multiple-interval-pseudospectral},
  organization = {GitHub},
  owner        = {Daniel},
  timestamp    = {2016.10.14},
}

@Online{github-dt-qp-project,
  author       = {Herber, D. R. and Lee, Yong Hoon and Allison, James T.},
  title        = {{DT QP Project}},
  url          = {https://github.com/danielrherber/dt-qp-project},
  organization = {GitHub},
  owner        = {Daniel},
  timestamp    = {2016.10.14},
}

@Online{github-pm-circuits,
  author       = {Herber, D. R.},
  title        = {{PM Circuits}},
  url          = {https://github.com/danielrherber/pm-circuits},
  organization = {GitHub},
  owner        = {Daniel},
  timestamp    = {2016.10.14},
}

@Article{Belvin1990a,
  doi     = {10.2514/3.25354},
  author  = {Belvin, W. K. and Park, K. C.},
  title   = {{Structural Tailoring and Feedback Control Synthesis: An Interdisciplinary Approach}},
  journal = {Journal of Guidance, Control, and Dynamics},
  month   = may,
  year    = {1990},
  number  = {3},
  volume  = {13},
  pages   = {424--429},
}

@Article{Buckingham1914a,
  doi     = {10.1103/PhysRev.4.345},
  author  = {Buckingham, E.},
  title   = {{On Physically Similar Systems; Illustrations of the Use of Dimensional Equations}},
  journal = {Physical Review},
  month   = oct,
  year    = {1914},
  number  = {4},
  volume  = {4},
  pages   = {345--376},
}

@Article{Bergamaschi2004a,
  doi     = {10.1023/B:COAP.0000026882.34332.1b},
  author  = {Bergamaschi, L. and Gondzio, J. and Zilli, G.},
  title   = {{Preconditioning Indefinite Systems in Interior Point Methods for Optimization}},
  journal = {Computational Optimization and Applications},
  month   = {7},
  year    = {2004},
  number  = {2},
  volume  = {28},
  pages   = {149--171},
}

@Article{Benzi2002a,
  doi     = {10.1006/jcph.2002.7176},
  author  = {Benzi, M.},
  title   = {{Preconditioning Techniques for Large Linear Systems: A Survey}},
  journal = {Journal of Computational Physics},
  month   = {11},
  year    = {2002},
  number  = {2},
  volume  = {182},
  pages   = {418--477},
}

@Article{Ghanekar1997a,
  doi     = {10.1109/70.554352},
  author  = {Ghanekar, M. and Wang, D. and Heppler, G.},
  title   = {{Scaling Laws for Linear Controllers of Flexible Link Manipulators Characterized by Nondimensional Groups}},
  journal = {IEEE Transactions on Robotics and Automation},
  month   = {2},
  year    = {1997},
  number  = {1},
  volume  = {13},
  pages   = {117--127},
}

@Article{Brennan2001a,
  doi     = {10.1076/vesd.36.4.255.3551},
  author  = {Brennan, S. and Alleyne, A.},
  title   = {{Robust Scalable Vehicle Control via Non-Dimensional Vehicle Dynamics}},
  journal = {Vehicle System Dynamics},
  month   = {11},
  year    = {2001},
  number  = {4-5},
  volume  = {36},
  pages   = {255--277},
}

@Book{Holmes2009a,
  author    = {Holmes, Mark H},
  title     = {{Introduction to the Foundations of Applied Mathematics}},
  year      = {2009},
  publisher = {Springer},
  edition   = {1},
  isbn      = {978-0387877495},
  doi       = {10.1007/978-0-387-87765-5},
  owner     = {Dan},
  timestamp = {2016.09.26},
}

@Book{Cengel2006a,
  author    = {\c{C}engel, Y A and Cimbala, J M},
  title     = {{Fluid Mechanics: Fundamentals and Applications}},
  year      = {2006},
  publisher = {McGraw-Hill},
  edition   = {1},
  isbn      = {978-0073380322},
  note      = {isbn: 0072472367},
  owner     = {Dan},
  timestamp = {2016.10.13},
}

@Book{Khalil2002a,
  author    = {Khalil, Hassan K},
  title     = {{Nonlinear Systems}},
  year      = {2002},
  publisher = {Prentice Hall},
  edition   = {3},
  isbn      = {978-0130673893},
  month     = may,
  note      = {isbn: 0130673897},
  owner     = {Dan},
  timestamp = {2016.10.13},
}

@Conference{Herber2017c,
  author    = {Herber, D. R. and Allison, J. T.},
  title     = {{Unified Scaling of Dynamic Optimization Design Formulations}},
  booktitle = {ASME International Design Engineering Technical Conferences},
  month     = aug,
  year      = {2017},
  location  = {Cleveland, OH, USA},
  pages     = {V02AT03A003},
  doi       = {10.1115/DETC2017-67676},
  number    = {DETC2017-67676},
}

@InBook{Groesen2007a,
  author    = {Groesen, E. v. and Molenaar, J.},
  title     = {{Dimensional Analysis and Scaling}},
  booktitle = {Continuum Modeling in the Physical Sciences},
  year      = {2007},
  publisher = {SIAM},
  isbn      = {978-0898716252},
  pages     = {1--29},
}

@Phdthesis{Kittirungsi2008a,
  author      = {Kittirungsi, Burit},
  title       = {{A Scaling Methodology for Dynamic Systems: Quantification of Approximate Similitude and Use in Multiobjective Design}},
  institution = {The University of Michigan},
  location    = {Ann Arbor, MI, USA},
  month       = may,
  year        = {2008},
  url         = {http://hdl.handle.net/2027.42/58383},
  owner       = {Dan},
  timestamp   = {2016.10.18},
}

@Manual{Becerra2015a,
  author  = {V. M. Becerra},
  title   = {{PSOPT Optimal Control Solver User Manual}},
  year    = {2015},
  edition = {release 4 build 2015},
  url     = {https://github.com/PSOPT/psopt/blob/master/PSOPT/doc/PSOPT_Manual_R4.pdf},
  urldate = {2017-10-12},
}

@Article{Fahroo2002a,
  doi     = {10.2514/2.4862},
  author  = {Fariba Fahroo and I. Michael Ross},
  title   = {{Direct Trajectory Optimization by a Chebyshev Pseudospectral Method}},
  journal = {Journal of Guidance, Control, and Dynamics},
  year    = {2002},
  number  = {1},
  volume  = {25},
  pages   = {160--166},
}

@Book{Heath2002a,
  author    = {M. T. Heath},
  title     = {{Scientific Computing: An Introductory Survey}},
  year      = {2002},
  publisher = {McGraw Hill},
  edition   = {2},
  isbn      = {978-0072399103},
}

@Manual{Rutquist2010a,
  author    = {P. E. Rutquist and M. M. Edvall},
  title     = {{PROPT - Matlab Optimal Control Software}},
  year      = {2010},
  publisher = {TOMLAB Optimization},
  location  = {Pullman, WA, USA},
  month     = apr,
}

@Book{Shen2011a,
  author    = {Jie Shen and Tao Tang and Li-Lian Wang},
  title     = {{Spectral Methods: Algorithms, Analysis and Applications}},
  year      = {2011},
  publisher = {Springer},
  edition   = {1},
  isbn      = {978-3540710400},
  doi       = {10.1007/978-3-540-71041-7},
}

@Book{Trefethen2000a,
  author    = {L. N. Trefethen},
  title     = {{Spectral Methods in MATLAB}},
  year      = {2000},
  publisher = {SIAM},
  edition   = {1},
  isbn      = {978-0898714654},
  doi       = {10.1137/1.9780898719598},
}

@Article{Waldvogel2006a,
  doi     = {10.1007/s10543-006-0045-4},
  author  = {J. Waldvogel},
  title   = {{Fast Construction of the Fej\'{e}r and Clenshaw--Curtis Quadrature Rules}},
  journal = {BIT Numerical Mathematics},
  month   = mar,
  year    = {2006},
  number  = {1},
  volume  = {46},
  pages   = {195--202},
}

@Conference{Williams2005a,
  author    = {P. Williams},
  title     = {{A Comparison of Differentiation and Integration Based Direct Transcription Methods}},
  booktitle = {AAS/AIAA Space Flight Mechanics Meetings},
  month     = jan,
  year      = {2005},
  location  = {Copper Mountain, CO, USA},
  pages     = {389--408},
  volume    = {120},
  number    = {AAS 05-128},
}

@Conference{Grimbleby1995a,
  author    = {J. B. Grimbleby},
  title     = {{Automatic Analogue Network Synthesis Using Genetic Algorithms}},
  booktitle = {Genetic Algorithms in Engineering Systems: Innovations and Applications},
  month     = sep,
  year      = {1995},
  doi       = {10.1049/cp:19951024},
  publisher = {{IET}},
}

@Conference{Das2007a,
  author    = {Angan Das and Ranga Vemuri},
  title     = {{An Automated Passive Analog Circuit Synthesis Framework using Genetic Algorithms}},
  booktitle = {Computer Society Annual Symposium on {VLSI}},
  year      = {2007},
  doi       = {10.1109/isvlsi.2007.22},
  publisher = {{IEEE}},
}

@Conference{Mitea2011a,
  author    = {O. Mitea and M. Meissner and L. Hedrich and P. Jores},
  title     = {{Automated Constraint-Driven Topology Synthesis for Analog Circuits}},
  booktitle = {Design, Automation \& Test in Europe Conference \& Exhibition},
  year      = {2011},
  doi       = {10.1109/date.2011.5763264},
  publisher = {{IEEE}},
}

@Article{Gan2010a,
  doi       = {10.1016/j.eswa.2009.07.013},
  author    = {Zhaohui Gan and Zhenkun Yang and Tao Shang and Tianyou Yu and Min Jiang},
  title     = {{Automated Synthesis of Passive Analog Filters Using Graph Representation}},
  journal   = {Expert Systems with Applications},
  month     = {3},
  year      = {2010},
  number    = {3},
  volume    = {37},
  pages     = {1887--1898},
  publisher = {Elsevier {BV}},
}

@Article{Grimbleby2000a,
  doi       = {10.1049/ip-cds:20000770},
  author    = {J. B. Grimbleby},
  title     = {{Automatic Analogue Circuit Synthesis Using Genetic Algorithms}},
  journal   = {{IEE} Proceedings - Circuits, Devices and Systems},
  month     = {12},
  year      = {2000},
  number    = {6},
  volume    = {147},
  pages     = {319--323},
  publisher = {Institution of Engineering and Technology ({IET})},
}

@Article{Sussman1975a,
  doi       = {10.1109/tcs.1975.1083985},
  author    = {G. Sussman and R. Stallman},
  title     = {{Heuristic Techniques in Computer-Aided Circuit Analysis}},
  journal   = {{IEEE} Transactions on Circuits and Systems},
  month     = {11},
  year      = {1975},
  number    = {11},
  volume    = {22},
  pages     = {857--865},
  publisher = {Institute of Electrical and Electronics Engineers ({IEEE})},
}

@Article{Harjani1989a,
  doi       = {10.1109/43.44506},
  author    = {R. Harjani and R. A. Rutenbar and L. R. Carley},
  title     = {{{OASYS}: A Framework for Analog Circuit Synthesis}},
  journal   = {{IEEE} Transactions on Computer-Aided Design of Integrated Circuits and Systems},
  month     = {12},
  year      = {1989},
  number    = {12},
  volume    = {8},
  pages     = {1247--1266},
  publisher = {Institute of Electrical and Electronics Engineers ({IEEE})},
}

@Conference{Goh2001a,
  author    = {C. Goh and Y. Li},
  title     = {{{GA} Automated Design and Synthesis of Analog Circuits with Practical Constraints}},
  booktitle = {Congress on Evolutionary Computation},
  month     = {5},
  year      = {2001},
  doi       = {10.1109/cec.2001.934386},
  publisher = {{IEEE}},
}

@Article{Ochotta1996a,
  doi     = {10.1109/43.489099},
  author  = {E. S. Ochotta and R. A. Rutenbar and L. R. Carley},
  title   = {{Synthesis of High-performance Analog Circuits in {ASTRX}/{OBLX}}},
  journal = {{IEEE} Transactions on Computer-Aided Design of Integrated Circuits and Systems},
  month   = {3},
  year    = {1996},
  number  = {3},
  volume  = {15},
  pages   = {273--294},
}

@Article{Bruccoleri2001a,
  doi     = {10.1109/4.933458},
  author  = {F. Bruccoleri and E. A. M. Klumperink and B. Nauta},
  title   = {{Generating All Two-{MOS}-transistor Amplifiers Leads to New Wide-band {LNAs}}},
  journal = {{IEEE} Journal of Solid-State Circuits},
  month   = {7},
  year    = {2001},
  number  = {7},
  volume  = {36},
  pages   = {1032--1040},
}

@Article{Ho1975a,
  doi     = {10.1109/tcs.1975.1084079},
  author  = {Chung-Wen Ho and A. Ruehli and P. Brennan},
  title   = {{The Modified Nodal Approach to Network Analysis}},
  journal = {{IEEE} Transactions on Circuits and Systems},
  month   = {6},
  year    = {1975},
  number  = {6},
  volume  = {22},
  pages   = {504--509},
}

@Conference{Meissner2012a,
  author    = {M. Meissner and O. Mitea and L. Luy and L. Hedrich},
  title     = {{Fast Isomorphism Testing for a Graph-based Analog Circuit Synthesis Framework}},
  booktitle = {Design, Automation {\&} Test in Europe Conference {\&} Exhibition},
  month     = {3},
  year      = {2012},
  doi       = {10.1109/date.2012.6176570},
}

@Article{Levy1959a,
  doi     = {10.1109/tac.1959.6429401},
  author  = {E. C. Levy},
  title   = {{Complex-Curve Fitting}},
  journal = {{IRE} Transactions on Automatic Control},
  year    = {1959},
  number  = {1},
  volume  = {{AC}-4},
  pages   = {37--43},
}

@Article{Arruda1992a,
  doi       = {10.2514/3.11001},
  author    = {Jose R. F. Arruda},
  title     = {{Objective Functions for the Nonlinear Curve Fit of Frequency Response Functions}},
  journal   = {{AIAA} Journal},
  month     = {3},
  year      = {1992},
  number    = {3},
  volume    = {30},
  pages     = {855--857},
  publisher = {American Institute of Aeronautics and Astronautics ({AIAA})},
}

@Article{Pintelon1994a,
  doi     = {10.1109/9.333769},
  author  = {R. Pintelon and P. Guillaume and Y. Rolain and J. Schoukens and H. Van Hamme},
  title   = {{Parametric Identification of Transfer Functions in the Frequency Domain-A Survey}},
  journal = {{IEEE} Transactions on Automatic Control},
  year    = {1994},
  number  = {11},
  volume  = {39},
  pages   = {2245--2260},
}

@Article{Koza2000a,
  doi     = {10.1016/s0045-7825(99)00397-7},
  author  = {J. R. Koza and F. H. {Bennett III} and D. Andre and M. A. Keane},
  title   = {{Synthesis of Topology and Sizing of Analog Electrical Circuits by Means of Genetic Programming}},
  journal = {Computer Methods in Applied Mechanics and Engineering},
  month   = {6},
  year    = {2000},
  number  = {2-4},
  volume  = {186},
  pages   = {459--482},
}

@Conference{Das2008a,
  author    = {Angan Das and Ranga Vemuri},
  title     = {{Topology Synthesis of Analog Circuits Based on Adaptively Generated Building Blocks}},
  booktitle = {Design Automation Conference},
  month     = {6},
  year      = {2008},
  location  = {Anaheim, CA, USA},
}

@Book{Eiben2003a,
  author    = {Eiben, A. E. and Smith, James E.},
  title     = {{Introduction to Evolutionary Computing}},
  year      = {2003},
  publisher = {Springer},
  edition   = {1},
  isbn      = {978-3642072857},
  doi       = {10.1007/978-3-662-05094-1},
}

@Phdthesis{Klumperink1997a,
  author      = {E. A. M. Klumperink},
  title       = {{Transconductance Based CMOS Circuits: Circuit Generation, Classification and Analysis}},
  institution = {Universiteit Twente},
  location    = {Enschede, Netherlands},
  month       = {3},
  year        = {1997},
}

@Book{Gross2014a,
  title     = {{Handbook of Graph Theory}},
  year      = {2014},
  publisher = {CRC Press},
  edition   = {2},
  isbn      = {978-1439880180},
  editora   = {Jonathan L. Gross and Jay Yellen and Ping Zhang},
}

@Book{Borutzky2010a,
  author    = {Borutzky, Wolfgang},
  title     = {Bond Graph Methodology},
  year      = {2010},
  publisher = {Springer},
  edition   = {1},
  isbn      = {978-1848828827},
  doi       = {10.1007/978-1-84882-882-7},
}

@Online{matlab-lsqnonlin,
  author = {{The MathWorks}},
  title  = {{lsqnonlin: Solve Nonlinear Least-Squares (Nonlinear Data-Fitting) Problems}},
  url    = {https://www.mathworks.com/help/optim/ug/lsqnonlin.html},
}

@Book{Chinneck2008a,
  author    = {J. W. Chinneck},
  title     = {Feasibility and Infeasibility in Optimization: Algorithms and Computational Methods},
  year      = {2008},
  publisher = {Springer},
  edition   = {1},
  isbn      = {978-0387749310},
  doi       = {10.1007/978-0-387-74932-7},
}

@InBook{Marti2003a,
  author    = {R. Mart\'{i}},
  title     = {{Multi-Start Methods}},
  booktitle = {Handbook of Metaheuristics},
  year      = {2003},
  editor    = {Glover F. and Kochenberger G. A.},
  volume    = {57},
  publisher = {Springer},
  isbn      = {978-1402072635},
  pages     = {355--368},
  doi       = {10.1007/0-306-48056-5_12},
}

@Book{Wanhammar2009a,
  author    = {Wanhammar, Lars},
  title     = {{Analog Filters using MATLAB}},
  year      = {2009},
  publisher = {Springer},
  edition   = {1},
  isbn      = {978-0387927664},
  doi       = {10.1007/978-0-387-92767-1},
}

@Article{manuscript-pm-circuits,
  author  = {Daniel R. Herber and James T. Allison},
  title   = {{Passive Analog Circuit Synthesis through Enumeration}},
  journal = {to be submitted},
}

@Article{Macmahon1994a,
  doi     = {10.1016/0166-218X(94)90024-8},
  author  = {P. A. Macmahon},
  title   = {{The Combinations of Resistances}},
  journal = {Discrete Applied Mathematics},
  month   = {10},
  year    = {1994},
  number  = {2--3},
  volume  = {54},
  pages   = {225--228},
  note    = {Reprinted from The Electrician, 1892},
}

@Article{Faedo2017a,
  doi       = {10.1016/j.ifacsc.2017.07.001},
  author    = {Nicol{\'{a}}s Faedo and S{\'{e}}bastien Olaya and John V. Ringwood},
  title     = {{Optimal Control, {MPC} and {MPC}-like Algorithms for Wave Energy Systems: An Overview}},
  journal   = {{IFAC} Journal of Systems and Control},
  month     = {9},
  year      = {2017},
  volume    = {1},
  pages     = {37--56},
  publisher = {Elsevier {BV}},
}

@Book{Deissenberg2005a,
  title     = {Optimal Control and Dynamic Games},
  year      = {2005},
  publisher = {Springer},
  doi       = {10.1007/b136166},
  editora   = {Christophe Deissenberg and Richard F. Hartl},
}

@Book{Anderson2007a,
  author    = {B. D. O. Anderson and J. B. Moore},
  title     = {{Optimal Control: Linear Quadratic Methods}},
  year      = {2007},
  publisher = {Dover},
  isbn      = {978-0486457666},
}

@Article{Pang1983a,
  doi       = {10.1016/0098-1354(83)80004-0},
  author    = {Jong-Shi Pang},
  title     = {{Methods for Quadratic Programming: A Survey}},
  journal   = {Computers {\&} Chemical Engineering},
  month     = {1},
  year      = {1983},
  number    = {5},
  volume    = {7},
  pages     = {583--594},
  publisher = {Elsevier {BV}},
}

@Article{Altman1999a,
  doi       = {10.1080/10556789908805754},
  author    = {Anna Altman and Jacek Gondzio},
  title     = {{Regularized Symmetric Indefinite Systems in Interior Point Methods for Linear and Quadratic Optimization}},
  journal   = {Optimization Methods and Software},
  month     = {1},
  year      = {1999},
  number    = {1--4},
  volume    = {11},
  pages     = {275--302},
  publisher = {Informa {UK} Limited},
}

@Article{Delbos2005a,
  author  = {F. Delbos and J. C. Gilbert},
  title   = {{Global Linear Convergence of an Augmented Lagrangian Algorithm to Solve Convex Quadratic Optimization Problems}},
  journal = {Journal of Convex Analysis},
  year    = {2005},
  number  = {1},
  volume  = {12},
  pages   = {45--69},
}

@Article{Lack1967a,
  doi       = {10.1109/tac.1967.1098752},
  author    = {G. Lack and M. Enns},
  title     = {{Optimal Control Trajectories with Minimax Objective Functions by Linear Programming}},
  journal   = {{IEEE} Transactions on Automatic Control},
  month     = {12},
  year      = {1967},
  number    = {6},
  volume    = {12},
  pages     = {749--752},
  publisher = {Institute of Electrical and Electronics Engineers ({IEEE})},
}

@Article{Sala2007a,
  doi       = {10.1109/tcst.2006.890302},
  author    = {Antonio Sala},
  title     = {{Improving Performance Under Sampling-Rate Variations via Generalized Hold Functions}},
  journal   = {{IEEE} Transactions on Control Systems Technology},
  month     = {7},
  year      = {2007},
  number    = {4},
  volume    = {15},
  pages     = {794--797},
  publisher = {Institute of Electrical and Electronics Engineers ({IEEE})},
}

@Article{Hampton1996a,
  doi       = {10.1115/1.2802329},
  author    = {R. D. Hampton and C. R. Knospe and M. A. Townsend},
  title     = {{A Practical Solution to the Deterministic Nonhomogeneous {LQR} Problem}},
  journal   = {Journal of Dynamic Systems, Measurement, and Control},
  month     = {6},
  year      = {1996},
  number    = {2},
  volume    = {118},
  pages     = {354},
  publisher = {{ASME} International},
}

@Article{Popescu2009a,
  doi       = {10.1007/s12190-008-0219-0},
  author    = {Mihai Popescu},
  title     = {{Fundamental Solution for Linear Two-point Boundary Value Problem}},
  journal   = {Journal of Applied Mathematics and Computing},
  month     = {9},
  year      = {2009},
  number    = {1--2},
  volume    = {31},
  pages     = {385--394},
  publisher = {Springer Nature},
}

@Article{Li2015a,
  doi       = {10.1080/00207179.2015.1088173},
  author    = {Guang Li},
  title     = {{Nonlinear Model Predictive Control of a Wave Energy Converter Based on Differential Flatness Parameterisation}},
  journal   = {International Journal of Control},
  month     = {9},
  year      = {2015},
  number    = {1},
  volume    = {90},
  pages     = {68--77},
  publisher = {Informa {UK} Limited},
}

@Article{Han2012a,
  doi       = {10.1080/10556788.2011.593624},
  author    = {Lanshan Han and M. Kanat Camlibel and Jong-Shi Pang and W. P. Maurice H. Heemels},
  title     = {{A Unified Numerical Scheme for Linear-Quadratic Optimal Control Problems with Joint Control and State Constraints}},
  journal   = {Optimization Methods and Software},
  month     = {10},
  year      = {2012},
  number    = {4--5},
  volume    = {27},
  pages     = {761--799},
  publisher = {Informa {UK} Limited},
}

@InCollection{Gerdts2015a,
  author    = {Matthias Gerdts},
  title     = {{A Survey on Optimal Control Problems with Differential-Algebraic Equations}},
  booktitle = {Surveys in Differential-Algebraic Equations {II}},
  year      = {2015},
  publisher = {Springer},
  isbn      = {978-3319110493},
  pages     = {103--161},
  doi       = {10.1007/978-3-319-11050-9_3},
}

@Article{Campbell2013a,
  doi       = {10.1016/j.cam.2012.10.011},
  author    = {Stephen L. Campbell and Peter Kunkel},
  title     = {{On the Numerical Treatment of Linear{\textendash}Quadratic Optimal Control Problems for General Linear Time-Varying Differential-Algebraic Equations}},
  journal   = {Journal of Computational and Applied Mathematics},
  month     = {4},
  year      = {2013},
  volume    = {242},
  pages     = {213--231},
  publisher = {Elsevier {BV}},
}

@Book{Chen1999a,
  author    = {Chi-Tsong Chen},
  title     = {{Linear System Theory and Design}},
  year      = {1999},
  publisher = {Oxford University Press},
  edition   = {3},
  isbn      = {978-0195392074},
}

@Article{Tang2007a,
  doi       = {10.1016/j.na.2006.01.021},
  author    = {Gong-You Tang and Yan-Dong Zhao and Bao-Lin Zhang},
  title     = {{Optimal Output Tracking Control for Nonlinear Systems Via Successive Approximation Approach}},
  journal   = {Nonlinear Analysis: Theory, Methods {\&} Applications},
  month     = {3},
  year      = {2007},
  number    = {6},
  volume    = {66},
  pages     = {1365--1377},
  publisher = {Elsevier {BV}},
}

@Conference{Jerez2011a,
  author    = {Juan Luis Jerez and George Anthony Constantinides and Eric C. Kerrigan},
  title     = {{An {FPGA} Implementation of a Sparse Quadratic Programming Solver for Constrained Predictive Control}},
  booktitle = {International Symposium on Field-Programmable Gate Arrays},
  year      = {2011},
  location  = {Monterey, CA, USA},
  doi       = {10.1145/1950413.1950454},
  publisher = {{ACM} Press},
}

@Article{Bashein1971a,
  doi       = {10.1109/tac.1971.1099776},
  author    = {G. Bashein},
  title     = {{A Simplex Algorithm for On-line Computation of Time Optimal Controls}},
  journal   = {{IEEE} Transactions on Automatic Control},
  month     = {10},
  year      = {1971},
  number    = {5},
  volume    = {16},
  pages     = {479--482},
  publisher = {Institute of Electrical and Electronics Engineers ({IEEE})},
}

@Conference{Sideris2010a,
  author    = {Athanasios Sideris and Luis A Rodriguez},
  title     = {{A Riccati Approach to Equality Constrained Linear Quadratic Optimal Control}},
  booktitle = {American Control Conference},
  year      = {2010},
  location  = {Baltimore, MD, USA},
  pages     = {5167--5172},
  doi       = {10.1109/acc.2010.5530688},
}

@Book{Borrelli2015a,
  author    = {F. Borrelli and A. Bemporad and M. Morari},
  title     = {Predictive Control for Linear and Hybrid Systems},
  year      = {2017},
  publisher = {Cambridge University Press},
  edition   = {1},
  isbn      = {978-1107016880},
}

@Conference{Darby2009b,
  author    = {Christopher Darby and Anil Rao},
  title     = {{A State Approximation-Based Mesh Refinement Algorithm for Solving Optimal Control Problems Using Pseudospectral Methods}},
  booktitle = {{AIAA} Guidance, Navigation, and Control Conference},
  month     = {8},
  year      = {2009},
  location  = {Chicago, IL, USA},
  doi       = {10.2514/6.2009-5791},
  note      = {AIAA 2009-5791},
  publisher = {American Institute of Aeronautics and Astronautics},
}

@Article{Darby2011a,
  doi       = {10.1002/oca.957},
  author    = {Christopher L. Darby and William W. Hager and Anil V. Rao},
  title     = {{An \textit{hp}-Adaptive Pseudospectral Method for Solving Optimal Control Problems}},
  journal   = {Optimal Control Applications and Methods},
  year      = {2011},
  number    = {4},
  volume    = {32},
  pages     = {476--502},
  publisher = {Wiley-Blackwell},
}

@Article{Betts1998a,
  doi       = {10.2514/2.4231},
  author    = {John T. Betts},
  title     = {{Survey of Numerical Methods for Trajectory Optimization}},
  journal   = {Journal of Guidance, Control, and Dynamics},
  month     = {3},
  year      = {1998},
  number    = {2},
  volume    = {21},
  pages     = {193--207},
  publisher = {American Institute of Aeronautics and Astronautics ({AIAA})},
}

@Article{Pardo2016a,
  doi       = {10.1109/lra.2016.2527062},
  author    = {Diego Pardo and Lukas Moller and Michael Neunert and Alexander W. Winkler and Jonas Buchli},
  title     = {{Evaluating Direct Transcription and Nonlinear Optimization Methods for Robot Motion Planning}},
  journal   = {{IEEE} Robotics and Automation Letters},
  month     = {7},
  year      = {2016},
  number    = {2},
  volume    = {1},
  pages     = {946--953},
  publisher = {Institute of Electrical and Electronics Engineers ({IEEE})},
}

@Conference{Sonawane2016a,
  author    = {Dayaram Sonawane and Manan Pathak and Venkat R. Subramanian},
  title     = {{Convergence Rates for Direct Transcription of Optimal Control Problems Using Second Derivative Methods}},
  booktitle = {American Control Conference},
  month     = {7},
  year      = {2016},
  location  = {Boston, MA, USA},
  pages     = {215--220},
  doi       = {10.1109/acc.2016.7524918},
  publisher = {{IEEE}},
}

@Article{Betts1998b,
  doi       = {10.1002/(sici)1099-1514(199801/02)19:1<1::aid-oca616>3.0.co;2-q},
  author    = {John T. Betts and William P. Huffman},
  title     = {{Mesh Refinement in Direct Transcription Methods for Optimal Control}},
  journal   = {Optimal Control Applications and Methods},
  month     = {1},
  year      = {1998},
  number    = {1},
  volume    = {19},
  pages     = {1--21},
  publisher = {Wiley-Blackwell},
}

@Article{Amrit2013a,
  doi       = {10.1016/j.compchemeng.2013.07.015},
  author    = {Rishi Amrit and James B. Rawlings and Lorenz T. Biegler},
  title     = {{Optimizing Process Economics Online Using Model Predictive Control}},
  journal   = {Computers {\&} Chemical Engineering},
  month     = {11},
  year      = {2013},
  volume    = {58},
  pages     = {334--343},
  publisher = {Elsevier {BV}},
}

@Article{Hals2011a,
  doi       = {10.1115/1.4001431},
  author    = {J. Hals and Johannes Falnes and Torgeir Moan},
  title     = {{Constrained Optimal Control of a Heaving Buoy Wave-Energy Converter}},
  journal   = {Journal of Offshore Mechanics and Arctic Engineering},
  month     = {2},
  year      = {2011},
  number    = {1},
  volume    = {133},
  pages     = {011401},
  publisher = {{ASME} International},
}

@Article{Williams2009a,
  doi       = {10.2514/1.42731},
  author    = {Paul Williams},
  title     = {{Hermite-Legendre-Gauss-Lobatto Direct Transcription in Trajectory Optimization}},
  journal   = {Journal of Guidance, Control, and Dynamics},
  month     = {7},
  year      = {2009},
  number    = {4},
  volume    = {32},
  pages     = {1392--1395},
  publisher = {American Institute of Aeronautics and Astronautics ({AIAA})},
}

@Article{Hwang1986a,
  doi       = {10.1080/00207178608933603},
  author    = {Chyi Hwang and Dong-Her Shih and Fan-Chu Kung},
  title     = {{Use of Block-Pulse Functions in the Optimal Control of Deterministic Systems}},
  journal   = {International Journal of Control},
  month     = {8},
  year      = {1986},
  number    = {2},
  volume    = {44},
  pages     = {343--349},
  publisher = {Informa {UK} Limited},
}

@Article{Elgindy2013a,
  doi       = {10.1016/j.cam.2013.03.032},
  author    = {Kareem T. Elgindy and Kate A. Smith-Miles},
  title     = {{Fast, Accurate, and Small-Scale Direct Trajectory Optimization Using a Gegenbauer Transcription Method}},
  journal   = {Journal of Computational and Applied Mathematics},
  month     = {10},
  year      = {2013},
  volume    = {251},
  pages     = {93--116},
  publisher = {Elsevier {BV}},
}

@Article{Bacelli2015a,
  doi       = {10.1109/tste.2014.2371536},
  author    = {Giorgio Bacelli and John V. Ringwood},
  title     = {{Numerical Optimal Control of Wave Energy Converters}},
  journal   = {{IEEE} Transactions on Sustainable Energy},
  month     = {4},
  year      = {2015},
  number    = {2},
  volume    = {6},
  pages     = {294--302},
  publisher = {Institute of Electrical and Electronics Engineers ({IEEE})},
}

@Article{Francolin2014a,
  doi       = {10.1002/oca.2112},
  author    = {Camila C. Fran{\c{c}}olin and David A. Benson and William W. Hager and Anil V. Rao},
  title     = {{Costate Approximation in Optimal Control Using Integral Gaussian Quadrature Orthogonal Collocation Methods}},
  journal   = {Optimal Control Applications and Methods},
  month     = {2},
  year      = {2014},
  number    = {4},
  volume    = {36},
  pages     = {381--397},
  publisher = {Wiley-Blackwell},
}

@Article{Williams2004a,
  doi       = {10.2514/1.5118},
  author    = {Paul Williams},
  title     = {{Application of Pseudospectral Methods for Receding Horizon Control}},
  journal   = {Journal of Guidance, Control, and Dynamics},
  month     = {3},
  year      = {2004},
  number    = {2},
  volume    = {27},
  pages     = {310--314},
  publisher = {American Institute of Aeronautics and Astronautics ({AIAA})},
}

@Article{Trefethen2008a,
  doi       = {10.1137/060659831},
  author    = {Lloyd N. Trefethen},
  title     = {{Is Gauss Quadrature Better than Clenshaw{\textendash}Curtis?}},
  journal   = {{SIAM} Review},
  month     = {1},
  year      = {2008},
  number    = {1},
  volume    = {50},
  pages     = {67--87},
  publisher = {Society for Industrial {\&} Applied Mathematics ({SIAM})},
}

@Article{Gong2010a,
  doi       = {10.2514/1.45154},
  author    = {Qi Gong and I. Michael Ross and Friba Fahroo},
  title     = {{Costate Computation by a Chebyshev Pseudospectral Method}},
  journal   = {Journal of Guidance, Control, and Dynamics},
  month     = {3},
  year      = {2010},
  number    = {2},
  volume    = {33},
  pages     = {623--628},
  publisher = {American Institute of Aeronautics and Astronautics ({AIAA})},
}

@Online{matlab-blkdiag,
  author  = {{The MathWorks}},
  title   = {{blkdiag: Construct Block Diagonal Matrix from Input Arguments}},
  url     = {https://www.mathworks.com/help/matlab/ref/blkdiag.html},
  urldate = {2017-10-03},
}

@Online{matlab-kron,
  author = {{The MathWorks}},
  title  = {{kron: Kronecker Tensor Product}},
  url    = {https://www.mathworks.com/help/matlab/ref/kron.html},
}

@Online{matlab-quadprog,
  author  = {{The MathWorks}},
  title   = {{quadprog: Quadratic Programming}},
  url     = {https://www.mathworks.com/help/optim/ug/quadprog.html},
  urldate = {2017-10-03},
}

@Article{Gong2008a,
  doi       = {10.2514/1.32908},
  author    = {Qi Gong and Fariba Fahroo and I. Michael Ross},
  title     = {{Spectral Algorithm for Pseudospectral Methods in Optimal Control}},
  journal   = {Journal of Guidance, Control, and Dynamics},
  month     = {5},
  year      = {2008},
  number    = {3},
  volume    = {31},
  pages     = {460--471},
  publisher = {American Institute of Aeronautics and Astronautics ({AIAA})},
}

@Article{Fujikawa2014a,
  doi       = {10.9746/jcmsi.7.159},
  author    = {Takahiro Fujikawa and Takeshi Tsuchiya},
  title     = {{Enhanced Mesh Refinement in Numerical Optimal Control Using Pseudospectral Methods}},
  journal   = {{SICE} Journal of Control, Measurement, and System Integration},
  month     = {5},
  year      = {2014},
  number    = {3},
  volume    = {7},
  pages     = {159--167},
  publisher = {The Society of Instrument and Control Engineers},
}

@Article{zhao2017a,
  doi       = {10.2514/1.g002796},
  author    = {Jisong Zhao and Shuang Li},
  title     = {{Modified Multiresolution Technique for Mesh Refinement in Numerical Optimal Control}},
  journal   = {Journal of Guidance, Control, and Dynamics},
  year      = {2017},
  publisher = {American Institute of Aeronautics and Astronautics ({AIAA})},
}

@Article{Betts2000a,
  doi       = {10.1016/s0377-0427(00)00465-9},
  author    = {John T. Betts and Neil Biehn and Stephen L. Campbell and William P. Huffman},
  title     = {{Compensating for Order Variation in Mesh Refinement for Direct Transcription Methods}},
  journal   = {Journal of Computational and Applied Mathematics},
  month     = {12},
  year      = {2000},
  number    = {1--2},
  volume    = {125},
  pages     = {147--158},
  publisher = {Elsevier {BV}},
}

@Article{Jain2008a,
  doi       = {10.2514/1.32220},
  author    = {Sachin Jain and Panagiotis Tsiotras},
  title     = {{Trajectory Optimization Using Multiresolution Techniques}},
  journal   = {Journal of Guidance, Control, and Dynamics},
  month     = {9},
  year      = {2008},
  number    = {5},
  volume    = {31},
  pages     = {1424--1436},
  publisher = {American Institute of Aeronautics and Astronautics ({AIAA})},
}

@Article{Patterson2015a,
  doi       = {10.1002/oca.2114},
  author    = {Michael A. Patterson and William W. Hager and Anil V. Rao},
  title     = {{A \textit{ph} Mesh Refinement Method for Optimal Control}},
  journal   = {Optimal Control Applications and Methods},
  month     = {7},
  year      = {2015},
  number    = {4},
  volume    = {36},
  pages     = {398--421},
  publisher = {Wiley-Blackwell},
}

@Conference{Schori2015a,
  author    = {Markus Schori and Thomas J. Boehme and Torsten Jeinsch and Bernhard Lampe},
  title     = {{Costate Approximation from Direct Methods for Switched Systems with State Jumps}},
  booktitle = {European Control Conference},
  month     = {7},
  year      = {2015},
  location  = {Linz, Austria},
  doi       = {10.1109/ecc.2015.7330583},
  note      = {7330583},
}

@Article{Gertz2003a,
  doi       = {10.1145/641876.641880},
  author    = {E. Michael Gertz and Stephen J. Wright},
  title     = {{Object-Oriented Software for Quadratic Programming}},
  journal   = {{ACM} Transactions on Mathematical Software},
  month     = {3},
  year      = {2003},
  number    = {1},
  volume    = {29},
  pages     = {58--81},
  publisher = {Association for Computing Machinery ({ACM})},
}

@Article{Darby2011b,
  doi       = {10.2514/1.a32040},
  author    = {Christopher L. Darby and Divya Garg and Anil V. Rao},
  title     = {{Costate Estimation using Multiple-Interval Pseudospectral Methods}},
  journal   = {Journal of Spacecraft and Rockets},
  month     = {9},
  year      = {2011},
  number    = {5},
  volume    = {48},
  pages     = {856--866},
  publisher = {American Institute of Aeronautics and Astronautics ({AIAA})},
}

@Article{Torsti1972a,
  doi       = {10.1016/0022-247x(72)90127-8},
  author    = {J. J. Torsti and A. M. Aurela},
  title     = {{A Fast Quadratic Programming Method for Solving Ill-Conditioned Systems of Equations}},
  journal   = {Journal of Mathematical Analysis and Applications},
  month     = {4},
  year      = {1972},
  number    = {1},
  volume    = {38},
  pages     = {193--204},
  publisher = {Elsevier {BV}},
}

@Article{Donoghue2013a,
  doi       = {10.1109/tcst.2012.2231960},
  author    = {Brendan O'Donoghue and Giorgos Stathopoulos and Stephen Boyd},
  title     = {{A Splitting Method for Optimal Control}},
  journal   = {{IEEE} Transactions on Control Systems Technology},
  month     = {11},
  year      = {2013},
  number    = {6},
  volume    = {21},
  pages     = {2432--2442},
  publisher = {Institute of Electrical and Electronics Engineers ({IEEE})},
}

@Article{Ghadimi2015a,
  doi       = {10.1109/tac.2014.2354892},
  author    = {Euhanna Ghadimi and Andre Teixeira and Iman Shames and Mikael Johansson},
  title     = {{Optimal Parameter Selection for the Alternating Direction Method of Multipliers ({ADMM}): Quadratic Problems}},
  journal   = {{IEEE} Transactions on Automatic Control},
  month     = {3},
  year      = {2015},
  number    = {3},
  volume    = {60},
  pages     = {644--658},
  publisher = {Institute of Electrical and Electronics Engineers ({IEEE})},
}

@Article{Wang2014a,
  doi       = {10.1137/130922409},
  author    = {Li-Lian Wang and Michael Daniel Samson and Xiaodan Zhao},
  title     = {{A Well-Conditioned Collocation Method Using a Pseudospectral Integration Matrix}},
  journal   = {{SIAM} Journal on Scientific Computing},
  year      = {2014},
  number    = {3},
  volume    = {36},
  pages     = {A907--A929},
  publisher = {Society for Industrial {\&} Applied Mathematics ({SIAM})},
}

@Article{Trefethen1987a,
  doi       = {10.1137/0724066},
  author    = {Lloyd N. Trefethen and Manfred R. Trummer},
  title     = {{An Instability Phenomenon in Spectral Methods}},
  journal   = {{SIAM} Journal on Numerical Analysis},
  year      = {1987},
  number    = {5},
  volume    = {24},
  pages     = {1008--1023},
  publisher = {Society for Industrial {\&} Applied Mathematics ({SIAM})},
}

@Book{Gill1981a,
  author    = {P. E. Gill and W. Murray and M. H. Wright},
  title     = {Practical Optimization},
  year      = {1981},
  publisher = {Academic Press},
  isbn      = {978-0122839528},
}

@Manual{Stryk1999a,
  author    = {Oskar von Stryk},
  title     = {{User's Guide for DIRCOL: A Direct Collocation Method for the Numerical Solution of Optimal Control Problems}},
  year      = {1999},
  edition   = {version 2.1 edition},
  publisher = {Technische Universit\"{a}t Darmstadt},
  month     = {11},
}

@Online{matlab-mpc,
  author  = {{The MathWorks}},
  title   = {{Model Predictive Control Toolbox: Design and Simulate Model Predictive Controllers}},
  url     = {https://www.mathworks.com/help/mpc/index.html},
  urldate = {2017-10-02},
}

@Report{Wang1992a,
  author      = {Ssu-Kei Wang and Mark L. Nagurka},
  title       = {{Linear Quadratic Optimal Control Design Using Chebyshev-Based State Parameterization}},
  type        = {techreport},
  institution = {Carnegie Mellon University},
  year        = {1992},
}

@Article{Rao2010a,
  author  = {Anil V. Rao},
  title   = {{Survey of Numerical Methods for Optimal Control}},
  journal = {Advances in the Astronautical Sciences},
  year    = {2010},
  number  = {1},
  volume  = {135},
  pages   = {497--528},
}

@InBook{So2011a,
  author    = {Anthony Man-Cho So},
  title     = {{Semidefinite Optimization Applications}},
  booktitle = {Wiley Encyclopedia of Operations Research and Management Science},
  year      = {2011},
  publisher = {John Wiley {\&} Sons},
  doi       = {10.1002/9780470400531.eorms0755},
}

@InBook{Grant2008a,
  author    = {Michael C. Grant and Stephen P. Boyd},
  title     = {{Graph Implementations for Nonsmooth Convex Programs}},
  booktitle = {Lecture Notes in Control and Information Sciences},
  year      = {2008},
  editora   = {V. Blondel and S. Boyd and H. Kimura},
  volume    = {371},
  publisher = {Springer},
  pages     = {95--110},
  doi       = {10.1007/978-1-84800-155-8_7},
}

@InBook{Gould2000a,
  author    = {Nicholas I. M. Gould},
  title     = {{Iterative Methods for Ill-Conditioned Linear Systems from Optimization}},
  booktitle = {Applied Optimization},
  year      = {2000},
  volume    = {36},
  publisher = {Springer},
  pages     = {123--141},
  doi       = {10.1007/978-1-4757-3226-9_7},
}

@Online{matlab-elliptical,
  author       = {Herber, Daniel Ronald},
  title        = {{Approximating an Elliptical Region with Linear Constraints}},
  url          = {https://www.mathworks.com/matlabcentral/fileexchange/56519},
  organization = {Mathworks File Exchange},
  urldate      = {2017-10-12},
  owner        = {Dan},
  timestamp    = {2016.10.16},
}

@Article{Bryson1963a,
  doi       = {10.2514/3.2107},
  author    = {A. E. Bryson and W. F. Denham and S. E. Dreyfus},
  title     = {{Optimal Programming Problems with Inequality Constraints I: Necessary Conditions for Extremal Solutions}},
  journal   = {{AIAA} Journal},
  month     = {11},
  year      = {1963},
  number    = {11},
  volume    = {1},
  pages     = {2544--2550},
  publisher = {American Institute of Aeronautics and Astronautics ({AIAA})},
}

@Phdthesis{Bittner2017a,
  author      = {M. Bittner},
  title       = {{Utilization of Problem and Dynamic Characteristics for Solving Large Scale Optimal Control Problems}},
  institution = {Technical University of Munich},
  location    = {Munich, Germany},
  month       = {4},
  year        = {2017},
  url         = {http://nbn-resolving.de/urn/resolver.pl?urn:nbn:de:bvb:91-diss-20170511-1343164-1-1},
}

@Article{Becerra2010b,
  doi       = {10.1590/s0103-17592010000300002},
  author    = {Victor M. Becerra and Roberto Kawakami Harrop Galv{\~{a}}o},
  title     = {{Um Tutorial Sobre M{\'{e}}todos Pseudo-Espectrais Para Controle {\'{O}}timo Computacional}},
  journal   = {Sba: Controle {\&} Automa{\c{c}}{\~{a}}o Sociedade Brasileira de Automatica},
  month     = {6},
  year      = {2010},
  number    = {3},
  volume    = {21},
  pages     = {224--244},
  publisher = {{FapUNIFESP} ({SciELO})},
}

@Article{Garg2011b,
  doi     = {10.1007/s10589-009-9291-0},
  author  = {Divya Garg and Michael A. Patterson and Camila Francolin and Christopher L. Darby and Geoffrey T. Huntington and William W. Hager and Anil V. Rao},
  title   = {{Direct Trajectory Optimization and Costate Estimation of Finite-Horizon and Infinite-Horizon Optimal Control Problems Using a Radau Pseudospectral Method}},
  journal = {Computational Optimization and Applications},
  month   = {6},
  year    = {2011},
  number  = {2},
  volume  = {49},
  pages   = {335--358},
}

@Article{manuscript-dt-qp,
  author  = {Daniel R. Herber and Yong Hoon Lee and James T. Allison},
  title   = {{Unified Framework for Solving General Linear-Quadratic Dynamic Optimization Problems Utilizing Direct Transcription and Quadratic Programming}},
  journal = {to be submitted},
}

@Book{Bendsoe2004a,
  author    = {Martin P. Bends{\o}e and Ole Sigmund},
  title     = {Topology Optimization},
  year      = {2004},
  publisher = {Springer},
  isbn      = {978-3642076985},
  doi       = {10.1007/978-3-662-05086-6},
}

@Article{Son2010a,
  doi     = {10.1109/tie.2009.2039454},
  author  = {Hungsun Son and Kok-Meng Lee},
  title   = {{Open-Loop Controller Design and Dynamic Characteristics of a Spherical Wheel Motor}},
  journal = {{IEEE} Transactions on Industrial Electronics},
  month   = {10},
  year    = {2010},
  number  = {10},
  volume  = {57},
  pages   = {3475--3482},
}

@Conference{Schaala1993a,
  author    = {S. Schaal and C. G. Atkeson},
  title     = {{Open Loop Stable Control Strategies for Robot Juggling}},
  booktitle = {IEEE International Conference on Robotics and Automation},
  month     = {5},
  year      = {1993},
  location  = {Atlanta, GA, USA},
  doi       = {10.1109/robot.1993.292260},
}

@Article{Mourik2009a,
  doi     = {10.1016/j.biosystemseng.2009.09.010},
  author  = {S. van Mourik and H. Zwart and K. J. Keesman},
  title   = {{Integrated Open Loop Control and Design of a Food Storage Room}},
  journal = {Biosystems Engineering},
  month   = {12},
  year    = {2009},
  number  = {4},
  volume  = {104},
  pages   = {493--502},
}

@Article{Karkee2010a,
  doi     = {10.1016/j.jterra.2010.05.005},
  author  = {Manoj Karkee and Brian L. Steward},
  title   = {{Study of the Open and Closed Loop Characteristics of a Tractor and a Single Axle Towed Implement System}},
  journal = {Journal of Terramechanics},
  month   = {12},
  year    = {2010},
  number  = {6},
  volume  = {47},
  pages   = {379--393},
}

@Book{Landau2006a,
  author    = {Ioan D. Landau and Zito Gianluca},
  title     = {{Digital Control Systems}},
  year      = {2006},
  publisher = {Springer},
  isbn      = {978-1846280559},
  doi       = {10.1007/978-1-84628-056-6},
}

@Misc{Lygeros2008a,
  author = {John Lygeros and Shankar Sastry and Claire Tomlin},
  title  = {{Hybrid Systems: Modeling, Analysis and Control}},
  year   = {2008},
  month  = {12},
}

@Book{Budynas2014a,
  author    = {Richard G. Budynas and Keith J. Nisbett},
  title     = {Shigley's Mechanical Engineering Design},
  year      = {2014},
  publisher = {McGraw-Hill},
  edition   = {10},
  isbn      = {978-0073398204},
}

@Article{Lohan2016c,
  doi     = {10.1007/s00158-016-1563-6},
  author  = {Danny J. Lohan and Ercan M. Dede and James T. Allison},
  title   = {{Topology Optimization for Heat Conduction Using Generative Design Algorithms}},
  journal = {Structural and Multidisciplinary Optimization},
  month   = {8},
  year    = {2016},
  number  = {3},
  volume  = {55},
  pages   = {1063--1077},
}

@Book{Falnes2002a,
  author    = {Johannes Falnes},
  title     = {Ocean Waves and Oscillating Systems},
  year      = {2002},
  publisher = {Cambridge University Press},
  edition   = {1},
  isbn      = {978-0521782111},
}

@Conference{Cheney2013a,
  author    = {Nick Cheney and Robert MacCurdy and Jeff Clune and Hod Lipson},
  title     = {{Unshackling Evolution: Evolving Soft Robots with Multiple Materials and a Powerful Generative Encoding}},
  booktitle = {Genetic and Evolutionary Computation Conference},
  month     = {7},
  year      = {2013},
  location  = {Amsterdam, The Netherlands},
}

@Article{Lomnicki1972a,
  doi     = {10.2307/1425808},
  author  = {Z. A. Lomnicki},
  title   = {{Two-Terminal Series-Parallel Networks}},
  journal = {Advances in Applied Probability},
  month   = {4},
  year    = {1972},
  number  = {1},
  volume  = {4},
  pages   = {109--150},
}

@Article{Isokawa2016a,
  doi       = {10.12988/ams.2016.63103},
  author    = {Yukinao Isokawa},
  title     = {{Series-Parallel Circuits and Continued Fractions}},
  journal   = {Applied Mathematical Sciences},
  year      = {2016},
  number    = {27},
  volume    = {10},
  pages     = {1321--1331},
  publisher = {Hikari, Ltd.},
}

@Book{Dorner1997a,
  author    = {Dietrich D\"{o}rner},
  title     = {{The Logic Of Failure: Recognizing And Avoiding Error In Complex Situations}},
  year      = {1997},
  publisher = {Basic Books},
  edition   = {revised edition},
  isbn      = {978-0201479485},
}

@Conference{GuoScitech2018,
  author       = {T. Guo and D. J. Lohan and R. Cang and M. Y. Ren and and J. T. Allison},
  title        = {{An Indirect Design Representation for Topology Optimization Using Variational Autoencoder and Style Transfer}},
  booktitle    = {AIAA 2018 Science and Technology Forum and Exposition},
  month        = {1},
  year         = {2018},
  location     = {Kissimmee, FL, USA},
  organization = {to appear},
}

@Online{matlab-patternsearch,
  author  = {{The MathWorks}},
  title   = {{patternsearch: Find Minimum of Function Using Pattern Search}},
  url     = {https://www.mathworks.com/help/gads/patternsearch.html},
  urldate = {2017-10-29},
}

@Book{Simon1996a,
  author    = {H. A. Simon},
  title     = {{The Sciences of the Artificial}},
  year      = {1996},
  publisher = {The MIT Press},
  edition   = {3},
  isbn      = {978-0262691918},
}

@Book{Luzeaux2013a,
  title     = {{Large Scale Complex Systems and Systems of Systems Engineering: Case Studies}},
  year      = {2013},
  publisher = {Wiley},
  isbn      = {978-1848212534},
  doi       = {10.1002/9781118601495},
  editor    = {Dominique Luzeaux and Jean-Ren{\'{e}} Ruault and Jean-Luc Wippler},
}

@Online{Jha2009a,
  author       = {Alok Jha},
  title        = {{Science Weekly with Michio Kaku: Impossibility is Relative}},
  year         = {2009},
  url          = {https://www.theguardian.com/science/audio/2009/jun/11/michio-kaku-physics-impossible},
  organization = {The Guardian},
  month        = {6},
  urldate      = {2017-10-30},
}

@Online{github-pm-suspensions,
  author       = {Herber, D. R.},
  title        = {{PM Suspensions}},
  url          = {https://github.com/danielrherber/pm-suspensions},
  organization = {GitHub},
  owner        = {Daniel},
  timestamp    = {2016.10.14},
}

@Conference{Granda1997a,
  author    = {Granda, J. J. and Reus, J.},
  title     = {{New Developments in Bond Graph Modeling Software Tools: The Computer Aided Modeling Program Camp-G and MATLAB}},
  booktitle = {IEEE International Conference on Systems, Man, and Cybernetics},
  month     = {10},
  year      = {1997},
  location  = {Orlando, FL, USA},
  doi       = {10.1109/ICSMC.1997.638215},
}

@Manual{Kleijn2017a,
  author    = {C. Kleijn and M. A. Groothuis and H. G. Differ},
  title     = {{20-sim 4.6 Reference Manual}},
  year      = {2017},
  publisher = {Controllab Products B.V.},
}

@Online{SysAnal2004a,
  author       = {Charles Sullivan},
  title        = {{System Analogies}},
  year         = {2004},
  url          = {http://www.dartmouth.edu/~sullivan/22files/System_analogy_all.pdf},
  note         = {Handouts from ENGS 22, Systems},
  organization = {Dartmouth College},
  urldate      = {2017-10-31},
}

@Book{Karnopp2012a,
  author    = {Dean C. Karnopp and Donald L. Margolis and Ronald C. Rosenberg},
  title     = {{System Dynamics: Modeling, Simulation, and Control of Mechatronic Systems}},
  year      = {2012},
  publisher = {Wiley},
  edition   = {5},
  isbn      = {978-0470889084},
}

@Book{Kypuros2013a,
  author    = {Javier A. Kypuros},
  title     = {{System Dynamics and Control with Bond Graph Modeling}},
  year      = {2013},
  publisher = {CRC Press},
  isbn      = {978-1466560758},
}

@Article{Gonzalez2008a,
  doi       = {10.1243/09596518jsce559},
  author    = {G. Gonzalez and R. Galindo},
  title     = {{Removing the Algebraic Loops of a Bond Graph Model}},
  journal   = {Proceedings of the Institution of Mechanical Engineers, Part I: Journal of Systems and Control Engineering},
  month     = {9},
  year      = {2008},
  number    = {6},
  volume    = {222},
  pages     = {543--556},
  publisher = {{SAGE} Publications},
}

@Article{Hrovat1997a,
  doi     = {10.1016/S0005-1098(97)00101-5},
  author  = {D. Hrovat},
  title   = {{Survey of Advanced Suspension Developments and Related Optimal Control Applications}},
  journal = {Automatica},
  month   = {10},
  year    = {1997},
  number  = {10},
  volume  = {33},
  pages   = {1781--1817},
}

@Article{Koch2014a,
  doi       = {10.1109/tcst.2013.2240455},
  author    = {Guido Koch and Tobias Kloiber},
  title     = {{Driving State Adaptive Control of an Active Vehicle Suspension System}},
  journal   = {{IEEE} Transactions on Control Systems Technology},
  month     = {1},
  year      = {2014},
  number    = {1},
  volume    = {22},
  pages     = {44--57},
  publisher = {Institute of Electrical and Electronics Engineers ({IEEE})},
}

@Article{Hrovat1993a,
  doi       = {10.1115/1.2899073},
  author    = {D. Hrovat},
  title     = {{Applications of Optimal Control to Advanced Automotive Suspension Design}},
  journal   = {Journal of Dynamic Systems, Measurement, and Control},
  month     = {6},
  year      = {1993},
  number    = {2B},
  volume    = {115},
  pages     = {328--342},
  publisher = {{ASME} International},
}

@Article{Ulsoy1994a,
  doi       = {10.1115/1.2900666},
  author    = {A. G. Ulsoy and D. Hrovat and T. Tseng},
  title     = {{Stability Robustness of {LQ} and {LQG} Active Suspensions}},
  journal   = {Journal of Dynamic Systems, Measurement, and Control},
  month     = {3},
  year      = {1994},
  number    = {1},
  volume    = {116},
  pages     = {123--131},
  publisher = {{ASME} International},
}

@Book{Kong2007a,
  author    = {Xianwen Kong and C. Gosselin},
  title     = {{Type Synthesis of Parallel Mechanisms}},
  year      = {2007},
  publisher = {Springer},
  isbn      = {978-3540719892},
  doi       = {10.1007/978-3-540-71990-8},
}

@Conference{McCarthy2000a,
  author    = {J. M. McCarthy},
  title     = {{Mechanism Synthesis Theory and the Design of Robots}},
  booktitle = {IEEE International Conference on Robotics and Automation},
  month     = {4},
  year      = {2000},
  location  = {San Francisco, CA, USA},
  doi       = {10.1109/ROBOT.2000.844039},
}

@Phdthesis{Wandling2000a,
  author      = {George Randall {Wandling Sr.}},
  title       = {{Synthesis of Mechanisms for Function, Path, and Motion Generation Using Invariant Characterization, Storage and Search Methods}},
  institution = {Iowa State University},
  location    = {Ames, IA, USA},
  year        = {2000},
}

@Article{Zhao2016a,
  doi       = {10.1115/1.4030623},
  author    = {Kai Zhao and James P. Schmiedeler},
  title     = {{Using Rigid-Body Mechanism Topologies to Design Path Generating Compliant Mechanisms}},
  journal   = {Journal of Mechanisms and Robotics},
  month     = {2},
  year      = {2016},
  number    = {1},
  volume    = {8},
  pages     = {014506},
  publisher = {{ASME} International},
}

@Book{Siciliano2008a,
  title     = {{Springer Handbook of Robotics}},
  year      = {2008},
  publisher = {Springer},
  isbn      = {978-3540239574},
  doi       = {10.1007/978-3-540-30301-5},
  editora   = {Bruno Siciliano and Oussama Khatib},
}

@Online{Sun2016a,
  author = {Sun, C. and Dai, R.},
  title  = {{An Iterative Method for Nonconvex Quadratically Constrained Quadratic Programs}},
  year   = {2016},
  url    = {https://arxiv.org/abs/1609.02609},
  note   = {Submitted to IEEE Transactions on Automatic Control},
}

@Book{Skiena2008a,
  author    = {Steven S. Skiena},
  title     = {The Algorithm Design Manual},
  year      = {2008},
  publisher = {Springer},
  edition   = {2},
  isbn      = {978-1848000698},
  doi       = {10.1007/978-1-84800-070-4},
}

@Book{Cormen2009a,
  author    = {Thomas H. Cormen and Charles E. Leiserson and Ronald L. Rivest and Clifford Stein},
  title     = {Introduction to Algorithms},
  year      = {2009},
  publisher = {The MIT Press},
  edition   = {3},
  isbn      = {978-0262033848},
}

@Article{Quinn1984a,
  doi     = {10.1145/2514.2515},
  author  = {Quinn, Michael J. and Deo, Narsingh},
  title   = {{Parallel Graph Algorithms}},
  journal = {Computing Surveys},
  month   = {9},
  year    = {1984},
  number  = {3},
  volume  = {16},
  pages   = {319--348},
}

@Article{Reghbati1978a,
  doi       = {10.1137/0207020},
  author    = {Eshrat Reghbati and D. G. Corneil},
  title     = {{Parallel Computations in Graph Theory}},
  journal   = {{SIAM} Journal on Computing},
  month     = {5},
  year      = {1978},
  number    = {2},
  volume    = {7},
  pages     = {230--237},
  publisher = {Society for Industrial {\&} Applied Mathematics ({SIAM})},
}

@Conference{Allison2010b,
  author    = {Allison, James T. and Nazari, Sam},
  title     = {{Combined Plant and Controller Design Using Decomposition-Based Design Optimization and the Minimum Principle}},
  booktitle = {ASME International Design Engineering Technical Conferences},
  month     = {8},
  year      = {2010},
  location  = {Montreal, Canada},
  pages     = {765--774},
  doi       = {10.1115/DETC2010-28887},
  number    = {DETC2010-28887},
}

@Article{Liu2017a,
  doi       = {10.1115/1.4037893},
  author    = {Liu, Tianchen and Azarm, Shapour and Chopra, Nikhil},
  title     = {{On Decentralized Optimization for a Class of Multisubsystem Codesign Problems}},
  journal   = {Journal of Mechanical Design},
  month     = {10},
  year      = {2017},
  number    = {12},
  volume    = {139},
  pages     = {121404},
  publisher = {{ASME} International},
}

@Article{Martins2013a,
  doi       = {10.2514/1.j051895},
  author    = {Martins, Joaquim R. R. A. and Lambe, Andrew B.},
  title     = {{Multidisciplinary Design Optimization: A Survey of Architectures}},
  journal   = {{AIAA} Journal},
  month     = {9},
  year      = {2013},
  number    = {9},
  volume    = {51},
  pages     = {2049--2075},
  publisher = {American Institute of Aeronautics and Astronautics ({AIAA})},
}

@Article{Kusiak1995a,
  doi       = {10.1115/1.2836453},
  author    = {A. Kusiak and N. Larson},
  title     = {{Decomposition and Representation Methods in Mechanical Design}},
  journal   = {Journal of Mechanical Design},
  month     = {6},
  year      = {1995},
  number    = {B},
  volume    = {117},
  pages     = {17--24},
  publisher = {{ASME} International},
}

@Comment{jabref-meta: databaseType:biblatex;}

;
